% This file was created with JabRef 2.8.
% Encoding: UTF-16

%% INTRODUCTION SECTION

@ARTICLE{Kirisli2013,
  author = {H.A. Kirisli and M. Schaap and C.T. Metz and A.S. Dharampal and B.W. Meijboom
     and S.L. Papadopoulou and A. Dedic and K. Nieman and M.A. de Graaf and M.F.L.
     Meijs and M.J. Cramer and A. Broersen and S. Cetin and A. Eslami and L. Florez
     Valencia and K.L. Lor and B. Matuszewski and I. Melki and B. Mohr and I. Oksuz
     and R. Shahzad and C. Wang and P.H. Kitslaar and G. Unal and A. Katouzian and M.
     Orkisz and C.M. Chen and F. Precioso and L. Najman and S. Masood and D. Unay and
     L. J. van Vliet and R. Moreno and R. Goldenberg and E. Vucini and G. P. Krestin
     and W.J. Niessen and T. van Walsum},
  journal = {Medical Image Analysis},
  year = {2013},
  title = {Standardized evaluation framework for evaluating coronary artery stenosis
     detection, stenosis quantification and lumen segmentation algorithms in Computed
     Tomography Angiography}
}

@ARTICLE{Ginneken2011,
  author = {Bram Van Ginneken and Cornelia M. Schaefer-Prokop and Mathias Prokop},
  title = {Computer-aided diagnosis: how to move from the laboratory to the clinic},
  journal = {Medical Image Analysis},
  year = {2011},
  volume = {261},
  pages = {719 - 732},
  number = {3},
  doi = {10.1148/radiol.11091710},
  issn = {0033-8419},
  review = {resumen de sistemas CAD},
  timestamp = {2013.06.05}
}



@ARTICLE{Ginneken2001,
    author = {Bram Van Ginneken and Bart M. Ter Haar Romeny and Max A. Viergever and Member Ieee},
    title = {Computer-aided diagnosis in chest radiography: A survey},
    journal = {IEEE Transactions on Medical Imaging},
    year = {2001},
    volume = {20},
    pages = {1228--1241}
}

@ARTICLE{Castellino2005,
    author = {Ronald A Castellino},
    title = {Computer aided detection (CAD): an overview},
    journal = {Cancer Imaging},
    year = {2005},
    volume = {5},
    number = {1},
    pages = {17-19},
    doi = {10.1102/1470-7330.2005.0018}
}


@INPROCEEDINGS{Bouraoui2008,
  author = {Bouraoui, B. and Ronse, C. and Baruthio, J. and Passat,
	N. and Germain, Ph.},
  title = {Fully automatic 3D segmentation of coronary arteries based on mathematical
	morphology.},
  booktitle = {IEEE International Symposium on Biomedical Imaging: from Nano to
	Macro},
  year = {2008},
  series = {ISBI'08},
  pages = {1059-1062},
  address = {Paris, France},
  publisher = {IEEE Press},
  added-at = {2011-06-22T00:00:00.000+0200},
  biburl = {http://www.bibsonomy.org/bibtex/2e108d951d5f02b67d76c5a29e1223549/dblp},
  crossref = {conf/isbi/2008},
  ee = {http://dx.doi.org/10.1109/ISBI.2008.4541182},
  file = {:61_Bouraoui_2008.pdf:PDF},
  interhash = {8095f2f6223b83f466be3bdd12f69d6e},
  intrahash = {e108d951d5f02b67d76c5a29e1223549},
  keywords = {dblp},
  review = {Crecimiento de regiones clásico luego de detectar el corazon, la aorta,
	los ostium ... Método sencillo, sin validación.},
  timestamp = {2011-06-22T00:00:00.000+0200},
  
}

@INPROCEEDINGS{Groher2008,
  author = {Martin Groher},
  title = {{2D-3D} Registration of Vascular Images - Towards {3D}-Guided Catheter
	Interventions},
  booktitle = {Ausgezeichnete Informatikdissertationen},
  year = {2008},
  pages = {111-120},
  bibsource = {DBLP, http://dblp.uni-trier.de},
  crossref = {DBLP:conf/gi/2008diss},
  file = {:19_Groher_VascularRegistration2008.pdf:PDF},
  review = {Recalage de imágenes vasculares, pero es más importante la revisión
	básica de vascular.},
  timestamp = {2011}
}

@INPROCEEDINGS{Kelm2011,
  author = {Kelm, B.M. and Mittal, S. and Zheng, Y. and Tsymbal, A.
	and Bernhardt, D. and {Vega Higuera}, F. and Zhou, S.K. and Meer, P. and Comaniciu, D.},
  title = {Detection, Grading and Classification of Coronary Stenoses in Computed
	Tomography Angiography},
  booktitle = {Medical Image Computing and Computer-Assisted Intervention -- MICCAI},
  year = {2011},
  volume = {LNCS 6893, Part III},
  pages = {25-32},
  address = {Toronto, Canada},
  bibsource = {DBLP, http://dblp.uni-trier.de},
  crossref = {DBLP:conf/miccai/2011-3},
  ee = {http://dx.doi.org/10.1007/978-3-642-23626-6_4},
  file = {:58_Kelm_2011.pdf:PDF}
}

@INPROCEEDINGS{Tessmann2010,
  author = {Tessmann, M. and {Vega Higuera}, F. and Bischoff, B.
	and Hausleiter, J. and Greiner, G.},
  title = {Robust Automatic Calcium Scoring for {CT} Coronary Angiography},
  booktitle = {Bildverarbeitung f{\"u}r die Medizin},
  year = {2010},
  pages = {430-434},
  bibsource = {DBLP, http://dblp.uni-trier.de},
  crossref = {DBLP:conf/bildmed/2010},
  ee = {http://ceur-ws.org/Vol-574/bvm2010_87.pdf},
  file = {:60_Tessmann_2010.pdf:PDF}
}

@INPROCEEDINGS{Tessmann2008,
  author = {Matthias Tessmann and Fernando {Vega Higuera} and Dominik Fritz and
	Michael Scheuering and G{\"u}nther Greiner},
  title = {Learning-Based Detection of Stenotic Lesions in Coronary {CT} Data},
  booktitle = {Vision, Modeling, and Visualization Conference},
  year = {2008},
  pages = {189-198},
  bibsource = {DBLP, http://dblp.uni-trier.de},
  crossref = {DBLP:conf/vmv/2008}
}

@INPROCEEDINGS{Aguet2005,
  author = {F Aguet and M Jacob and M Unser},
  title = {Three-dimensional feature detection using optimal steerable filters},
  booktitle = {IEEE International Conference on Image Processing},
  year = {2005},
  file = {:43_Aguet_2005.pdf:PDF},
  review = {METODO
	
	Explicaciôn de steerable features
	
	Analytical computation of the orientation and corresponding response
	of the template : Orientacion necesaria para calcular los steerable
	features 3D
	
	
	PREGUNTAS
	
	
	
	NOTAS
	
	EPFL - Laussane},
  timestamp = {2012.01.26}
}

@ARTICLE{Biermann2012,
  author = {Biermann, Christina and Tsiflikas, Ilias and Thomas, Christoph and
	Kasperek, Bernadette and Heuschmid, Martin and Claussen, Claus},
  title = {Evaluation of Computer-Assisted Quantification of Carotid Artery
	Stenosis},
  journal = {Journal of Digital Imaging},
  year = {2012},
  volume = {25},
  pages = {250-257},
  abstract = {The purpose of this study was to evaluate the influence of advanced
	software assistance on the assessment of carotid artery stenosis;
	particularly, the inter-observer variability of readers with different
	level of experience is to be investigated. Forty patients with suspected
	carotid artery stenosis received head and neck dual-energy CT angiography
	as part of their pre-interventional workup. Four blinded readers
	with different levels of experience performed standard imaging interpretation.
	At least 1 day later, they performed quantification using an advanced
	vessel analysis software including automatic dual-energy bone and
	hard plaque removal, automatic and semiautomatic vessel segmentation,
	as well as creation of curved planar reformation. Results were evaluated
	for the reproducibility of stenosis quantification of different readers
	by calculating the kappa and correlation values. Consensus reading
	of the two most experienced readers was used as the standard of reference.
	For standard imaging interpretation, experienced readers reached
	very good ( k = 0.85) and good ( k = 0.78) inter-observer variability.
	Inexperienced readers achieved moderate ( k = 0.6) and fair ( k =
	0.24) results. Sensitivity values 80%, 91%, 83%, 77% and specificity
	values 100%, 84%, 82%, 53% were achieved for significant area stenosis
	&gt;70%. For grading using advanced vessel analysis software, all
	readers achieved good inter-observer variability ( k = 0.77, 0.72,
	0.71, and 0.77). Specificity values of 97%, 95%, 95%, 93% and sensitivity
	values of 84%, 78%, 86%, 92% were achieved. In conclusion, when supported
	by advanced vessel analysis software, experienced readers are able
	to achieve good reproducibility. Even inexperienced readers are able
	to achieve good results in the assessment of carotid artery stenosis
	when using advanced vessel analysis software.},
  affiliation = {Diagnostic and Interventional Radiology, Eberhard-Karls-University,
	Hoppe-Seyler-Str. 3, 72076 Tübingen, Germany},
  doi = {10.1007/s10278-011-9413-y},
  issn = {0897-1889},
  issue = {2},
  keyword = {Medicine},
  publisher = {Springer New York}
}

@INPROCEEDINGS{Bosch2007,
  author = {Bosch, Anna and Zisserman, Andrew and Munoz, Xavier},
  title = {Image Classification using Random Forests and Ferns},
  booktitle = {IEEE International Conference on Computer Vision},
  year = {2007},
  pages = {1--8},
  month = {Oct},
  abstract = {{We explore the problem of classifying images by the object categories
	they contain in the case of a large number of object categories.
	To this end we combine three ingredients: (i) shape and appearance
	representations that support spatial pyramid matching over a region
	of interest. This generalizes the representation of Lazebnik et al.,
	(2006) from an image to a region of interest (ROI), and from appearance
	(visual words) alone to appearance and local shape (edge distributions);
	(ii) automatic selection of the regions of interest in training.
	This provides a method of inhibiting background clutter and adding
	invariance to the object instance 's position; and (iii) the use
	of random forests (and random ferns) as a multi-way classifier. The
	advantage of such classifiers (over multi-way SVM for example) is
	the ease of training and testing. Results are reported for classification
	of the Caltech-101 and Caltech-256 data sets. We compare the performance
	of the random forest/ferns classifier with a benchmark multi-way
	SVM classifier. It is shown that selecting the ROI adds about 5\%
	to the performance and, together with the other improvements, the
	result is about a 10\% improvement over the state of the art for
	Caltech-256.}},
  citeulike-article-id = {2323643},
  citeulike-linkout-0 = {http://dx.doi.org/10.1109/ICCV.2007.4409066},
  citeulike-linkout-1 = {http://ieeexplore.ieee.org/xpls/abs\_all.jsp?arnumber=4409066},
  doi = {10.1109/ICCV.2007.4409066},
  keywords = {forest, srvc},
  location = {Rio de Janeiro, Brazil},
  posted-at = {2008-07-10 20:10:26},
  priority = {2},
  review = {Machine learning para clasificar imagenes dentro de un gran conjunto
	de casos.
	
	No tiene que ver con arterias ni imagenes medicas
}

@article {Carrillo2007,
	title = {Recursive tracking of vascular tree axes in 3D medical images},
	journal = {Int J Comput Assisted Radiol Surg},
	volume = {1},
	number = {6},
	year = {2007},
	pages = {331-339},
	keywords = {categ_st2i, imagerie_dynamique, imagerie_morphologique_fonctionnelle, lumiere_paroi_vasculaire, nouvelle_equipe_1, reseau_international},
	doi = {10.1007/s11548-007-0068-6},
	author = {Carrillo, J. F. and Hern{\'a}ndez Hoyos, M. and D{\'a}vila-Serrano, E. E. and Orkisz, M.}
}


@ARTICLE{Chang2011,
  author = {Chang, C. and Lin, C.},
  title = {{LIBSVM}: A library for support vector machines},
  journal = {ACM Transactions on Intelligent Systems and Technology},
  year = {2011},
  volume = {2},
  pages = {27:1--27:27},
  note = {Software available at \url{http://www.csie.ntu.edu.tw/~cjlin/libsvm}},
  issue = {3}
}

@INPROCEEDINGS{Cheng2011,
  author = {Erkang Cheng and McLaughlin, S. and Megalooikonomou, V. and Bakic,
	P.R. and Maidment, A.D.A. and Haibin Ling},
  title = {Learning-Based Vessel Segmentation in Mammographic Images},
  booktitle = {Healthcare Informatics, Imaging and Systems Biology (HISB), 2011
	First IEEE International Conference on},
  year = {2011},
  pages = {315 -322},
  month = {july},
  abstract = {In this paper we propose using a learning-based method for vessel
	segmentation in mammographic images. To capture the large variation
	in vessel patterns not only across subjects, but also within a subject,
	we create a feature pool containing local, Gabor and Haar features
	extracted from mammographic images generating a feature space of
	very high dimension. We also employ a huge number of training samples,
	which essentially contains the pixels in the training images. To
	deal with the very high dimensional feature space and the huge number
	of training samples, we apply a forest with boosting trees for vessel
	segmentation. Specifically, we use the standard AdaBoost algorithm
	for each tree in the forest. The randomness is encoded, when training
	each AdaBoost tree, using randomly sampled training set (pixels)
	and randomly selected features from the whole feature pool. The proposed
	method is tested using a real dataset with 20 anonymous mammographic
	images. The effectiveness of the proposed features and classifiers
	is demonstrated in the experiments where we compare different approaches
	and feature combinations. In the paper, we also present full analysis
	of different types of features.},
  doi = {10.1109/HISB.2011.32},
  file = {:41_Cheng_2011.pdf:PDF},
  keywords = {AdaBoost tree;Gabor feature;Haar feature;feature pool;high dimensional
	feature space;learning based method;learning based vessel segmentation;local
	feature;mammographic images;randomly sampled training set;randomly
	selected features;standard AdaBoost algorithm;training sample;vessel
	pattern;Haar transforms;bioinformatics;blood vessels;decision trees;feature
	extraction;image segmentation;learning (artificial intelligence);mammography;medical
	image processing;random processes;},
  review = {NOTAS
	
	
	Trabaja en imagenes 2D de mamografîa
	
	Usa Random forests para seleccionar los features y en cada nodo utiliza
	un adaboost
	
	Tiene demasiados features por pixel !!! al rededor de 10000. 
	
	Principalmente tiene en cuenta intensidad, gradientes, wavelets de
	Gabor y de Haar
	
	
	PREGUNTAS
	
	Esos wavelets se pueden extender a 3D ???},
  timestamp = {2012.01.09}
}

@UNPUBLISHED{Corredor2011,
  author = {Ricardo Alberto Corredor and Fabián Andrés Gutiérrez},
  title = {Estudio comparativo de Support Vector Machines y Random Forests:
	Aplicación a la segmentación de la arteria carótida},
  note = {Reporte interno},
  year = {2011},
  abstract = {La presencia de diferentes estructuras en una imagen médica (hueso,
	tejido muscular, arterias, venas,...) convierte la tarea de detección
	de las arterias en un proceso difícil para los especialistas. El
	presente documento propone la comparación de Support Vector Machines
	y Random Forest en la clasificación de lumen arterial. Se realizó
	una revisión de los resultados obtenidos por diversos autores en
	aplicaciones similares en diferentes contextos. Para el aprendizaje
	del concepto de lumen arterial se utilizaron la intensidad, la magnitud
	del gradiente y los valores propios de la matriz hesiana como descriptores
	apropiados. Con estos descriptores propuestos se obtuvieron tasas
	de precisión de 91.68\% con SVM y 86.04\% con RF, sin embargo indices
	Dice de 26.82\% y 22.43\% respectivamente.},
  comment = {Trabajo entregado para Machine Learning},
  file = {:./33_Corredor_2011.pdf:PDF},
  owner = {Ricardo},
  timestamp = {2011.06.22}
}

@TECHREPORT{Deriche1993,
  author = {Deriche, Rachid},
  title = {Recursively implementating the Gaussian and its derivatives},
  institution = {INRIA},
  year = {1993},
  type = {Research Report},
  number = {RR-1893},
  abstract = {{Gaussian filtering is one of the most successfully operation in computer
	vision in order to reduce noise, calculating the gradient intensity
	change or performing Laplacian or the second directional derivative
	of an image. However, it is well known that in a multi-resolution
	context, where the need for large filters is required, this technique
	suffers from the fact it is a computationally expensive since the
	number of operations per point in convolving an image with a Gaussian
	filter is directly proportional to the width of the operator. We
	propose in this paper a technique in order to use Gaussian filtering
	with a reduced and fixed number of operations per output independently
	of the size of the filter. The key of our approach is to approximate
	in a mean square sense the prototype Gaussian filters with an exponentially
	based filter family depending on the same scale factor than the Gaussian
	filters (i.e. s) and then to implement in an exact and recursive
	way the approximate filters. An important point of the design presented
	in this paper is that dealing with Gaussian filters having different
	scale factor (i.e. s) will not require a new design algorithm as.
	The coefficients looked for in the recursive realization are determined
	function of the scale factor of each considered prototype filter,
	namely the Gaussian filter, its first and second derivative. Some
	experimental results will be shown to illustrate the efficiency of
	the approximation process and some applications to edge detection
	problems and multi-resolution techniques will be considered and discussed.}},
  affiliation = {ROBOTVIS - INRIA Sophia Antipolis},
  file = {RR-1893.pdf:http\://hal.inria.fr/inria-00074778/PDF/RR-1893.pdf:PDF},
  hal_id = {inria-00074778},
  keywords = {Edge detection; recursive filtering; multi-scale representation; early
	vision},
  language = {English},
  pages = {24},
  timestamp = {2012.02.14}
}

@INPROCEEDINGS{Deriche1988,
  author = {Deriche, R.},
  title = {Fast algorithms for low-level vision},
  booktitle = {International Conference on Pattern Recognition},
  year = {1988},
  volume = {1},
  pages = {434 -- 438},
  month = {nov},
  abstract = {A computationally efficient recursive filtering structure is presented
	for smoothing and, calculating the first and second directional derivatives
	and the Laplacian of an image with a fixed number of operations per
	output element, independently of the size of the neighborhood considered.
	It is shown how the recursive approach results on an implementation
	of low-level vision algorithms that is very efficient in terms of
	computational effort and how it renders the use of multiresolution
	techniques very attractive. Applications to edge detection problem
	are considered, and a novel edge detector allowing zero-crossings
	of an image, to be extracted with only 14 operations per output element
	at any resolution is provided. The algorithms have been tested for
	indoor scenes and noisy images and gave very good results for all
	of them},
  doi = {10.1109/ICPR.1988.28260},
  keywords = {computerised pattern recognition;computerised picture processing;directional
	derivatives;edge detection;low-level vision;multiresolution techniques;recursive
	filtering;zero-crossings;computer vision;computerised pattern recognition;computerised
	picture processing;filtering and prediction theory;},
  review = {Pros:
	
	Mas rápido respecto al cálculo convencional
	
	
	Contras:
	
	
	
	Notas Adicionales
	
	
	Esto es lo que usa ITK para calcular derivadas en multiples escalas
	de forma eficiente (para el hessiano). Se realiza una aproximación
	a una convolución con un kernel gaussiano y es un filtrado recursivo.}
}

@INCOLLECTION{Descoteaux2004,
  author = {Descoteaux, Maxime and Collins, Louis and Siddiqi, Kaleem},
  title = {Geometric Flows for Segmenting Vasculature in MRI: Theory and Validation},
  booktitle = {Medical Image Computing and Computer-Assisted Intervention -- MICCAI
	2004},
  publisher = {Springer Berlin / Heidelberg},
  year = {2004},
  editor = {Barillot, Christian and Haynor, David R. and Hellier, Pierre},
  volume = {3216},
  series = {Lecture Notes in Computer Science},
  pages = {500-507},
  note = {10.1007/978-3-540-30135-6_61},
  abstract = {Often in neurosurgical planning a dual spin echo acquisition is performed
	that yields proton density (PD) and T2-weighted images to evaluate
	edema near a tumor or lesion. The development of vessel segmentation
	algorithms for PD images is of general interest since this type of
	acquisition is widespread and is entirely noninvasive. Whereas vessels
	are signaled by black blood contrast in such images, extracting them
	is a challenge because other anatomical structures also yield similar
	contrasts at their boundaries. In this paper, we present a novel
	multi-scale geometric flow for segmenting vasculature from standard
	MRI which can also be applied to the easier cases of angiography
	data. We first apply Frangi’s vesselness measure [3] to find putative
	centerlines of tubular structures along with their estimated radii.
	This measure is then distributed to create a vector field which is
	orthogonal to vessel boundaries so that the flux maximizing geometric
	flow algorithm of [14] can be used to recover them. We perform a
	quantitative cross validation on PD, phase contrast (PC) angiography
	and time of flight (TOF) angiography volumes, all obtained for the
	same subject. A significant finding is that whereas more than 80%
	of the vasculature recovered from the angiographic data is also recovered
	from the PD volume, over 25% of the vasculature recovered from the
	PD volume is not detected in the TOF data. Thus, the technique can
	be used not only to improve upon the results obtained from angiographic
	data but also as an alternative when such data is not available.},
  affiliation = {School of Computer Science &amp; Centre For Intelligent Machines,
	McGill University, Montréal, QC Canada},
  file = {:06_Descoteaux_SegmentingVasculatureMRI.pdf:PDF},
  review = {Explicación del uso de los valores y vectores propios de la matriz
	Hessiana en el análisis diferencial.
	
	
	Segmentación ampliando la medida de vesselness de Frangi hacia los
	bordes. Trabaja en imâgenes de MRI. Imagenes cerebrovasculares}
}

@ARTICLE{DiCarli2007,
  author = {Di Carli, M. F. and Hachamovitch, R.},
  title = {New Technology for Noninvasive Evaluation of Coronary Artery Disease},
  journal = {Circulation},
  year = {2007},
  volume = {115},
  pages = {1464-1480},
  number = {11},
  doi = {10.1161/CIRCULATIONAHA.106.629808},
  eprint = {http://circ.ahajournals.org/content/115/11/1464.full.pdf+html}
}

@ARTICLE{Dijkstra1959,
  author = {Dijkstra, E. W.},
  title = {A Note on Two Problems in Connexion with Graphs},
  journal = {Numerische Mathematik},
  year = {1959},
  volume = {1},
  pages = {269--271},
  number = {1},
  doi = {10.1007/BF01386390},
  review = {Metodo de dijkstra que es utilizado en el metodo de extraccion de
	ejes de leonardo florez}
}

@INPROCEEDINGS{Drechsler2010,
  author = {Drechsler, K. and Laura, C.O.},
  title = {Comparison of vesselness functions for multiscale analysis of the
	liver vasculature},
  booktitle = {Information Technology and Applications in Biomedicine (ITAB), 2010
	10th IEEE International Conference on},
  year = {2010},
  pages = {1 -5},
  month = {nov.},
  abstract = {The accurate segmentation of liver vessels is an important step for
	further computer assisted analysis in oncologic planning tools. Multiscale
	based vessel enhancement methods are very famous and many papers
	about this topic were published. Vesselness filters proposed by Sato
	et al., Frangi et al. and Erdt et al. are based on eigenvalue analysis
	of the Hessian matrix. They were developed using completely different
	approaches, namely experimental, geometrical and analytical. In this
	paper, their behavior at junctions and nearby vessels is systematically
	compared and evaluated for the enhancement of the liver vasculature.
	We found that the filter function proposed by Frangi et al. has problems
	at junctions, while the ones developed by Sato et al and Erdt et
	al. have problems with nearby vessels. The latter are preferred for
	the task of liver vessel enhancement.},
  doi = {10.1109/ITAB.2010.5687627},
  file = {:49_Drechsler_2010.pdf:PDF},
  keywords = {CT image;Hessian matrix eigenvalue analysis;liver vasculature multiscale
	analysis;liver vessel enhancement;vesselness filters;vesselness functions;Hessian
	matrices;blood vessels;computerised tomography;eigenvalues and eigenfunctions;image
	segmentation;liver;medical image processing;},
  review = {Revisiôn de las medidas de Frangi, Sato, y Erdt en vasos del higado
	en imâgenes de CT.},
  timestamp = {2012.04.12}
}

@ARTICLE{Ecabert2011,
  author = {Olivier Ecabert and Jochen Peters and Matthew J. Walker and Thomas
	Ivanc and Cristian Lorenz and Jens von Berg and Jonathan Lessick
	and Mani Vembar and Jürgen Weese},
  title = {Segmentation of the heart and great vessels in CT images using a
	model-based adaptation framework},
  journal = {Medical Image Analysis},
  year = {2011},
  volume = {15},
  pages = {863 - 876},
  number = {6},
  doi = {10.1016/j.media.2011.06.004},
  file = {:35_Ecabert_2011.pdf:PDF},
  issn = {1361-8415},
  keywords = {Heart segmentation},
  review = {Great vessels son la aorta ascendente y la vena cava, pero no las
	coronarias. Para esa segmentaicón usan modelos deformables.},
  timestamp = {2012.01.11}
}

@inproceedings {Florez2006,
	title = {Fast 3D pre-segmentation of arteries in computed tomography angiograms},
	booktitle = {Int Conf Comput Vision Graphics},
	volume = {32},
	year = {2004},
	pages = {361-366},
	publisher = {Springer Verlag, Publ.},
	organization = {Springer Verlag, Publ.},
	edition = {Computational Imaging and Vision},
	address = {Warsaw, Poland},
	keywords = {categ_st2i, imagerie_dynamique, imagerie_morphologique_fonctionnelle, lumiere_paroi_vasculaire, nouvelle_equipe_1, reseau_international},
	doi = {10.1007/1-4020-4179-9_52},
	author = {Fl{\'o}rez Valencia, L. and Vincent, F. and Orkisz, M.}
}

@INPROCEEDINGS{Frangi1998,
  author = {Frangi, A. F. and Frangi, R.F. and Niessen, W.J. and Vincken, K.L. and Viergever, M.A.},
  title = {Multiscale Vessel Enhancement Filtering},
  year = {1998},
  pages = {130--137},
  publisher = {Springer-Verlag},
  timestamp = {2012.01.11}
}

@INPROCEEDINGS{Tek2008,
  author = {G\"{u}ls\"{u}n, M. A. and Tek, H.},
  title = {Robust Vessel Tree Modeling},
  booktitle = {Medical Image Computing and Computer-Assisted Intervention},
  year = {2008},
  series = {MICCAI '08},
  pages = {602--611},
  address = {Berlin, Heidelberg},
  publisher = {Springer-Verlag},
  acmid = {1433297},
  doi = {10.1007/978-3-540-85988-8_72},
  isbn = {978-3-540-85987-1},
  location = {New York, NY, USA},
  numpages = {10}
}

@INPROCEEDINGS{Georgescu2005,
  author = {Georgescu, B. and Zhou, X. S. and Comaniciu, D. and Gupta, A.},
  title = {Database-guided segmentation of anatomical structures with complex
	appearance},
  booktitle = {IEEE Computer Society Conf. Computer Vision and Pattern Recognition
	CVPR 2005},
  year = {2005},
  volume = {2},
  pages = {429--436},
  abstract = {The <span class='snippet'>segmentation</span> <span class='snippet'>of</span>
	<span class='snippet'>anatomical</span> <span class='snippet'>structures</span>
	has been traditionally formulated as a perceptual grouping task,
	and solved through clustering and variational approaches. However,
	such strategies require the a priori knowledge to be explicitly defined
	in the optimization criterion, e.g., "high-gradient border", "smoothness"',
	or "similar intensity or texture". This approach is limited by the
	validity <span class='snippet'>of</span> underlying assumptions and
	cannot capture <span class='snippet'>complex</span> <span class='snippet'>structure</span>
	<span class='snippet'>appearance</span>. This paper introduces <span
	class='snippet'>database</span>-<span class='snippet'>guided</span>
	<span class='snippet'>segmentation</span> as a new data-driven paradigm
	that directly exploits expert annotation <span class='snippet'>of</span>
	interest <span class='snippet'>structures</span> in large medical
	databases. <span class='snippet'>Segmentation</span> is formulated
	as a two-step learning problem. The first step is <span class='snippet'>structure</span>
	detection where we learn how to discriminate between the object <span
	class='snippet'>of</span> interest and background. The resulting
	classifier based on a boosted cascade <span class='snippet'>of</span>
	simple features also provides a global rigid transformation <span
	class='snippet'>of</span> the <span class='snippet'>structure</span>.
	The second step is shape inference where we use a sample-based representation
	<span class='snippet'>of</span> the joint distribution <span class='snippet'>of</span>
	<span class='snippet'>appearance</span> and shape annotations. To
	learn the association between the <span class='snippet'>complex</span>
	<span class='snippet'>appearance</span> and shape we propose a feature
	selection mechanism and the corresponding metric. We show that the
	selected features are better than using directly the <span class='snippet'>appearance</span>
	and illustrate the performance <span class='snippet'>of</span> the
	proposed method on a large set <span class='snippet'>of</span> ultrasound
	heart images.},
  doi = {10.1109/CVPR.2005.119},
  file = {:17_Georgescu_2005.pdf:PDF},
  owner = {Ricardo},
  review = {Segmentación con Machine Learning a dos pasos: Uno para detectar la
	estructura del objeto y otro para inferir exactamente su forma. 
	
	Usa Boosting trees. 
	
	Valida en imágenes 2D de ultrasonido.},
  timestamp = {2011.03.09}
}

@INPROCEEDINGS{Gonzalez2009,
  author = {Gonzalez, G. and Aguet, F. and Fleuret, F. and Unser, M. and Fua,
	P.},
  title = {Steerable Features for Statistical {3D} Dendrite Detection},
  booktitle = {Proceedings of the Twelfth International Conference on Medical Image
	Computing and Computer Assisted Intervention ({MICCAI'09})},
  year = {2009},
  volume = {5762},
  series = {Lecture Notes in Computer Science},
  pages = {625--632},
  address = {London, United Kingdom},
  month = {September 20-24,},
  publisher = {Springer},
  note = {{Part {II}}},
  file = {:42_Gonzalez_2009.pdf:PDF},
  review = {METODO
	
	Uso de Steerable features en 3D. 
	
	Comparaciôn con Frangi y metodos basado en Hessiano
	
	Steerable features con derivadas de 4to orden mucho mejor que Frangi.
	
	Determina a priori la direccion segun 
	
	
	PREGUNTAS
	
	
	
	NOTAS
	
	EPFL - Laussane},
  timestamp = {2012.01.26}
}

@ARTICLE{Hameeteman2011,
  author = {K. Hameeteman and M.A. Zuluaga and M. Freiman and L. Joskowicz and
	O. Cuisenaire and L. Flórez Valencia and M.A. Gülsün and K. Krissian
	and J. Mille and W.C.K. Wong and M. Orkisz and H. Tek and M. Hernández
	Hoyos and F. Benmansour and A.C.S. Chung and S. Rozie and M. van
	Gils and L. van den Borne and J. Sosna and P. Berman and N. Cohen
	and P.C. Douek and I. Sánchez and M. Aissat and M. Schaap and C.T.
	Metz and G.P. Krestin and A. van der Lugt and W.J. Niessen and T.
	van Walsum},
  title = {Evaluation framework for carotid bifurcation lumen segmentation and
	stenosis grading},
  journal = {Medical Image Analysis},
  year = {2011},
  volume = {15},
  pages = {477 - 488},
  number = {4},
  abstract = {This paper describes an evaluation framework that allows a standardized
	and objective quantitative comparison of carotid artery lumen segmentation
	and stenosis grading algorithms. We describe the data repository
	comprising 56 multi-center, multi-vendor CTA datasets, their acquisition,
	the creation of the reference standard and the evaluation measures.
	This framework has been introduced at the MICCAI 2009 workshop 3D
	Segmentation in the Clinic: A Grand Challenge III, and we compare
	the results of eight teams that participated. These results show
	that automated segmentation of the vessel lumen is possible with
	a precision that is comparable to manual annotation. The framework
	is open for new submissions through the website http://cls2009.bigr.nl.},
  doi = {10.1016/j.media.2011.02.004},
  file = {:36_Hameeteman(CLS2009).pdf:PDF},
  issn = {1361-8415},
  keywords = {Evaluation framework},
  review = {Articulo serio de revision del concurso realizado en 2009 en carotidas.
	Publicado en journal MedIA},
  timestamp = {2012.02.14}
}

@ARTICLE{Hameeteman2009,
  author = {Hameeteman, R. and Freiman, M. and Zuluaga, M. A. and Joskowicz,
	L. and Rozie, S. and Gils, M. J. Van. and Borne, L. Van. Den. and
	Sosna, J. and Berman, P. and Cohen, N. and et al.},
  title = {Carotid Lumen Segmentation and Stenosis Grading Challenge},
  year = {2010},
  pages = {1--16},
  file = {:./31_Hameeteman_2009.pdf:PDF},
  review = {Revision y explicaciôn del concurso del 2009 (lumen en carotidas y
	estenosis) en InsightJournal}
}

@INPROCEEDINGS{HernandezHoyos2008,
  author = {Hern{\'a}ndez Hoyos, M. and Zuluaga, M.A. and Lozano, M. and Prieto,
	J.C. and Douek, P. and Magnin, I.E. and Orkisz, M.},
  title = {Coronary centerline tracking in CT images with use of an elastic
	model and image moments},
  booktitle = {MICCAI Workshop - Grand Challenge Coronary Artery Tracking},
  year = {2008},
  pages = {8 on-line: http://hdl.handle.net/10380/1401},
  address = {New York City, USA},
  month = {September},
  organization = {Midas Journal},
  publisher = {Midas Journal},
  abstract = {This coronary-artery extraction method uses one initialization point
	per vessel. First, a mask is computed
	
	by use of a region-growing algorithm, which starts from the initial
	point and stops when no more
	
	connected voxels fall within an interactively defined intensity range.
	The centerline tracking is then
	
	performed within the mask, starting from the same initial point. This
	algorithm is based on a prediction/
	
	estimation scheme. It uses the first- and second-order image moments
	calculated within a spherical
	
	volume that slides along the vessel, and the radius of which is automatically
	adjusted to the local radius
	
	of the vessel. The evolution of the radius of the sphere is based
	on the analysis of the eigenvalues of
	
	the inertia matrix in a multi-scale framework. The estimation of the
	current point location makes use
	
	of an elastic model similar to ”snakes”. The point iteratively moves
	under the action of an image-force
	
	attracting it to the local gravity center, and under the reaction
	of the internal forces of the model, which
	
	reflect its shape constraints: continuity and smoothness. The prediction
	makes use of the eigenvectors of
	
	the inertia matrix. The stopping criteria of the centerline tracking
	are based on the size of the sphere and
	
	on the percentage of the masked voxels within the sphere.
	
	On 8 training CT datasets, the following mean results were obtained.
	Overlap with reference: considering
	
	the whole length (OV) 80.1%, until the first failure (OF) 48.9%, in
	clinically relevant segments
	
	(radius > 1.5 mm, OT) 81.7%. Average distance from reference: considering
	the whole length
	
	(AD) 4.32 mm, limited to segments where the semiautomatic centerline
	remains within the vessel (AI)
	
	0.39 mm, in clinically relevant segments (AT) 4.13 mm. On 16 testing
	datasets, these results were respectively:
	
	OV =80.2%, OF =39.3%, OT =82.1%, AD =5.05 mm, AI =0.41 mm and AT =4.58
	mm.
	
	A number of failures was due to the the fact that the model does not
	handle the bifurcations.},
  file = {:04_Hernandez_CenterlineTracking.pdf:PDF},
  keywords = {categ_st2i, imagerie_dynamique, imagerie_morphologique_fonctionnelle,
	lumiere_paroi_vasculaire, nouvelle_equipe_1, reseau_international},
  review = {MICCAI 2008
	
	El preprocesamiento de la imagen provee voxeles conexos que muestra
	las intensidades que corresponden a arterias y calcificaciones. 
	
	Se empieza un crecimiento de regiones a partir de un punto definido
	por el usuario. 
	
	Voxeles vecinos son añadidos iterativamente mientras esten por debajo
	de un umbral el cual puede ser cambiado de acuerdo a una verificación
	visual de lo que se quiera segmentar.
	
	Luego se extraen los centroides de un vaso de interes segun publicaciones
	anteriores, estimando la posición del centro del vaso, su orientacion
	o direccion y la posición del siguiente punto. 
	
	Este tracking se detiene con el pocentaje de voxeles con la intensidad
	esperada al interior de la celda de interes. 
	
	Luego se corrije la posición central verdadera del vaso teniendo en
	cuenta, por ejemplo , patologias o ruido. 
	
	Se corrige la direccion y el siguiente punto central. 
	
	Al final se propone un resumen del algoritmo}
}

@ARTICLE{Hernandez-Hoyos2002,
  author = {Hern\'{a}ndez-Hoyos, Marcela and Orkisz, Maciej and Puech, Philippe
	and Mansard-Desbleds, Catherine and Douek, Philippe and Magnin, Isabelle
	E.},
  title = {Computer-assisted Analysis of Three-dimensional MR Angiograms},
  journal = {Radiographics},
  year = {2002},
  volume = {22},
  pages = {421-436},
  number = {2},
  abstract = {The software tools required for postprocessing of magnetic resonance
	(MR) angiograms include the following functions: data handling, image
	visualization, and vascular analysis. A custom postprocessing software
	called Magnetic Resonance Angiography Computer Assisted Analysis
	(MARACAS) has been developed. This software combines the most commonly
	used three-dimensional visualization techniques with image processing
	methods for analysis of vascular morphology on MR angiograms. The
	main contributions of MARACAS are (a) implementation of a fast method
	for stenosis quantification on three-dimensional MR angiograms, which
	is clinically applicable in a personal computer–based system; and
	(b) portability to the most widespread platforms. The quantification
	is performed in three steps: extraction of the vessel centerline,
	detection of vessel boundaries in planes locally orthogonal to the
	centerline, and calculation of stenosis parameters on the basis of
	the resulting contours. Qualitative results from application of the
	method to data from patients showed that the vessel centerline correctly
	tracked the vessel path and that contours were correctly estimated.
	Quantitative results obtained from images of phantoms showed that
	the computation of stenosis severity was accurate.© RSNA, 2002},
  eprint = {http://radiographics.rsna.org/content/22/2/421.full.pdf+html},
  file = {:07_Hernandez_MARACAS.pdf:PDF},
  review = {MARACAS realiza la implementacion de un metodo rapido para la cuantificacion
	de estenosis en angiogramas 3D de MR. 
	
	
	Pretende ser multiplataforma !!!}
}

@ARTICLE{HernandezHoyos2006,
  author = {Hernandez Hoyos, Marcela and Serfaty, Jean-Michel and Maghiar, Albinka
	and Mansard, Catherine and Orkisz, Maciej and Magnin, Isabelle and
	Douek, Philippe},
  title = {Evaluation of semi-automatic arterial stenosis quantification},
  journal = {International Journal of Computer Assisted Radiology and Surgery},
  year = {2006},
  volume = {1},
  pages = {167-175},
  note = {10.1007/s11548-006-0049-1},
  abstract = {Object: To assess the accuracy and reproducibility of semi-automatic
	vessel axis extraction and stenosis quantification in 3D contrast-enhanced
	Magnetic Resonance Angiography (CE-MRA) of the carotid arteries (CA).
	Materials and methods: A total of 25 MRA datasets was used: 5 phantoms
	with known stenoses, and 20 patients (40 CAs) drawn from a multicenter
	trial database. Maracas software extracted vessel centerlines and
	quantified the stenoses, based on boundary detection in planes perpendicular
	to the centerline. Centerline accuracy was visually scored. Semi-automatic
	measurements were compared with: (1) theoretical phantom morphometric
	values, and (2) stenosis degrees evaluated by two independent radiologists.
	Results: Exploitable centerlines were obtained in 97% of CA and in
	all phantoms. In phantoms, the software achieved a better agreement
	with theoretic stenosis degrees (weighted kappa K w =  0.91) than
	the radiologists (K w   =   0.69). In patients, agreement between
	software and radiologists varied from K w =0.67 to 0.90. In both,
	Maracas was substantially more reproducible than the readers. Mean
	operating time was within 1 min/ CA. Conclusion: Maracas software
	generates accurate 3D centerlines of vascular segments with minimum
	user intervention. Semi-automatic quantification of CA stenosis is
	also accurate, except in very severe stenoses that cannot be segmented.
	It substantially reduces the inter-observer variability.},
  affiliation = {CREATIS Research Unit, CNRS (UMR 5515), INSERM (U630), INSA de Lyon
	and Université Claude Bernard Lyon 1, INSA – Blaise Pascal, 7 rue
	Capelle, 69621 Villeurbanne Cedex, France},
  file = {:10_Hernandez_StenosisQuantif.pdf:PDF},
  issn = {1861-6410},
  issue = {3},
  keyword = {Medicine},
  publisher = {Springer Berlin / Heidelberg},
  review = {Evaluacion cuantitativa y completa de Maracas para generar un valor
	de estenosis.
	
	
	Uso de Carrillo.
	
	
	Es en imágenes de MRI.}
}



@ARTICLE{Kirbas2004,
  author = {Kirbas, C. and Quek, F.},
  title = {A review of vessel extraction techniques and algorithms},
  journal = {ACM Computing Surveys},
  year = {2004},
  volume = {36},
  pages = {81-121},
  number = {2},
  month = {June},
  abstract = {Vessel segmentation algorithms are the critical components of circulatory
	blood vessel analysis systems. We present a survey of vessel extraction
	techniques and algorithms. We put the various vessel extraction approaches
	and techniques in perspective by means of a classification of the
	existing research. While we have mainly targeted the extraction of
	blood vessels, neurosvascular structure in particular, we have also
	reviewed some of the segmentation methods for the tubular objects
	that show similar characteristics to vessels. We have divided vessel
	segmentation algorithms and techniques into six main categories:
	(1) pattern recognition techniques, (2) model-based approaches, (3)
	tracking-based approaches, (4) artificial intelligence-based approaches,
	(5) neural network-based approaches, and (6) tube-like object detection
	approaches. Some of these categories are further divided into subcategories.
	We have also created tables to compare the papers in each category
	against such criteria as dimensionality, input type, preprocessing,
	user interaction, and result type.},
  file = {:./32_Kirbas_2004.pdf:PDF},
  keywords = {Vessel extraction, medical imaging, X-ray angiography (XRA), magnetic
	resonance angiography (MRA), survey},
  review = {Revisiôn anterior a Lesage acerca de la Segmentacion de estructuras
	vasculares}
}

@INPROCEEDINGS{Lankton2007,
  author = {Lankton, S. and Nain, S. and Yezzi, A. and Tannenbaum, A.},
  title = {Hybrid geodesic region-based curve evolutions for image segmentation},
  booktitle = {{SPIE} Medical Imaging},
  year = {2007},
  volume = {6510},
  pages = {65104},
  review = {Propuesta de Lankton para contornos activos con un approach hybrido
	basado en contornos y en regiones 
	
	Mirar el link de su pagina http://www.shawnlankton.com/2007/02/cool-hybrid-segmentation/}
}

@ARTICLE{LellOctober2006,
  author = {Lell, Michael M. and Anders, Katharina and Uder, Michael and Klotz,
	Ernst and Ditt, Hendrik and Vega-Higuera, Fernando and Boskamp, Tobias
	and Bautz, Werner A. and Tomandl, Bernd F.},
  title = {New Techniques in {CT} Angiography},
  journal = {Radiographics},
  year = {October 2006},
  volume = {26},
  pages = {S45-S62},
  number = {suppl 1},
  abstract = {Computed tomographic (CT) angiography has been improved significantly
	with the introduction of four- to 64-section spiral CT scanners,
	which offer rapid acquisition of isotropic data sets. A variety of
	techniques have been proposed for postprocessing of the resulting
	images. The most widely used techniques are multiplanar reformation
	(MPR), thin-slab maximum intensity projection, and volume rendering.
	Sophisticated segmentation algorithms, vessel analysis tools based
	on a centerline approach, and automatic lumen boundary definition
	are emerging techniques; bone removal with thresholding or subtraction
	algorithms has been introduced. These techniques increasingly provide
	a quality of vessel analysis comparable to that achieved with intraarterial
	three-dimensional rotational angiography. Neurovascular applications
	for these various image postprocessing methods include steno-occlusive
	disease, dural sinus thrombosis, vascular malformations, and cerebral
	aneurysms. However, one should keep in mind the potential pitfalls
	of these techniques and always double-check the final results with
	source or MPR imaging.© RSNA, 2006},
  doi = {10.1148/rg.26si065508},
  eprint = {http://radiographics.rsna.org/content/26/suppl_1/S45.full.pdf+html},
  file = {:09_Lell_CTTechniques.pdf:PDF},
  review = {Tecnicas de captura y visualizacion de imagenes de CT:
	
	 -volume rendering
	
	 -MIP
	
	 -surface rendering}
}

@PHDTHESIS{Lesage2009Thesis,
  author = {Lesage, David},
  title = {Mod{\`e}les, primitives et m{\'e}thodes de suivi pour la segmentation
	vasculaire. Application aux coronaires en imagerie tomodensitom{\'e}trique
	{3D}.},
  school = {T{\'e}l{\'e}com ParisTech},
  year = {2009},
  abstract = {La segmentation des structures vasculaires dans les images médicales
	est une étape complexe mais fondamentale pour l’aide au diagnostic
	et au traitement. Dans ce contexte, les techniques de traitement
	d’images facilitent la tâche des experts médicaux en minimisant les
	interactions manuelles tout en réduisant la variabilité inter-opérateurs.
	Nous présentons tout d’abord un état de l’art des méthodes de segmentation
	vasculaire 3D organisé suivant trois axes: modèles géométriques et
	d’apparence, primitives extraites des images et schémas d’extraction.
	Nos travaux se focalisent sur une problématique particulièrement
	complexe, la segmentation des artères coronaires en imagerie tomodensitométrique
	3D. Nous proposons un modèle géométrique axial, évalué dans l’image
	grâce à une primitive fondée sur le flux de gradient à fort pouvoir
	discriminant et faible coût calculatoire. Nous dérivons ensuite un
	modèle bayésien récursif appris de façon non paramétrique sur une
	base de segmentations manuelles. Nous proposons enfin deux schémas
	d’extraction. Le premier met en œuvre une procédure d’optimisation
	discrète sur graphe fondée sur la propagation de chemins minimaux
	4D (position spatiale 3D de l’axe vasculaire plus rayon associé).
	Il exploite une nouvelle métrique cumulative dérivée de notre modèle
	bayésien. Notre deuxième schéma repose sur une approche de suivi
	stochastique par méthode de Monte-Carlo séquentielle estimant la
	distribution a posteriori de notre modèle bayésien. Une attention
	particulière est donnée à la robustesse et l’efficacité calculatoire
	de nos algorithmes. Ceux-ci sont évalués qualitativement et quantitativement
	sur une base de données cliniques de grande taille.},
  file = {:50_Lesage_These.pdf:PDF},
  institution = {PASTEL [http://pastel.paristech.org/perl/oai2] (France)}
}

@INPROCEEDINGS{Lesage2009a,
  author = {Lesage, David and Angelini, Elsa D. and Bloch, Isabelle and Funka-Lea,
	Gareth},
  title = {Design and study of flux-based features for {3D} vascular tracking},
  booktitle = {IEEE International Symposium on Biomedical Imaging: From Nano to
	Macro},
  year = {2009},
  series = {ISBI'09},
  pages = {286--289},
  address = {Piscataway, NJ, USA},
  publisher = {IEEE Press},
  acmid = {1699945},
  isbn = {978-1-4244-3931-7},
  keywords = {gradient flux, vascular features, vessel tracking},
  location = {Boston, Massachusetts, USA},
  numpages = {4},
  review = {Explicaciôn y estudio de Fluxx y MFlux como medida de vesselness para
	hacer tracking en arterias}
}

@ARTICLE{Lesage2009b,
  author = {David Lesage and Elsa D. Angelini and Isabelle Bloch and Gareth Funka-Lea},
  title = {A Review of {3D} Vessel Lumen Segmentation Techniques: Models, Features
	and Extraction Schemes},
  journal = {Medical Image Analysis},
  year = {2009},
  volume = {13},
  pages = {819-845},
  number = {1},
  abstract = {Vascular diseases are among the most important public health problems
	in developed countries. Given the size and complexity of modern angiographic
	acquisitions, segmentation is a key step toward the accurate visualization,
	diagnosis and quantification of vascular pathologies.
	
	Despite the tremendous amount of past and on-going dedicated research,
	vascular segmentation remains a challenging task. In this paper,
	we review state-of-the-art literature on vascular segmentation, with
	a particular focus on 3D contrast-enhanced imaging modalities (MRA
	and CTA). W e structure our analysis along three axes: models, features
	and extraction schemes. We first detail model-based assumptions on
	the vessel appearance and geometry which can embedded in a segmentation
	approach. We then review the image features that can be extracted
	to evaluate these models. Finally, we discuss how existing extraction
	schemes combine model and feature information to perform the segmentation
	task. Each component (model, feature and extraction scheme) plays
	a crucial role toward the eficient, robust and accurate segmentation
	of vessels of interest. Along each axis of study, we discuss the
	theoretical and practical properties of recent approaches and highlight
	the most advanced and promising ones.},
  doi = {10.1016/j.media.2009.07.011},
  file = {Lesage review:01_Lesage.pdf:PDF},
  keywords = {review, vascular segmentation, vascular models, vessel-dedicated features,
	segmentation algorithms, 3D angiography, computed tomography angiography
	(CT A), magnetic resonance angiography (MRA), vessel segmentation},
  owner = {Ricardo A Corredor},
  review = {\textbf{Objectives: } Perform a review on vessel lumen segmentation
	
	\textbf{Methodology: } The authors propose a division into models
	used to represent vessels, features that are extracted and extraction
	techniques. Navigation maps are provided to help the reader traverse
	the document.
	
	\textbf{Affiliation: } Siemens
	
	
	Revisión de las técnicas para la segmentación de vasos sanguineos
	teniendo en cuenta diferentes características. Presenta diferentes
	modelos estudiados para resolver el problema. Se basa en obtención
	a partir de contraste. 
	
	
	Según el artículo de Tankyevych, se hace la siguiente descripcion
	de este documento: 
	
	
	1- La información a priori que puede ser usada para segmentar, 
	
	2- las herramientas básicas que usan esta informacion para detectar
	vasos, y
	
	3- los frameworks metodológicos que usan esas herramientas.},
  timestamp = {2009.08.31}
}

@ARTICLE{Lupascu2010,
  author = {Lupascu, C.A. and Tegolo, D. and Trucco, E.},
  title = {FABC: Retinal Vessel Segmentation Using AdaBoost},
  journal = {IEEE Transactions on Information Technology in Biomedicine},
  year = {2010},
  volume = {14},
  pages = {1267 -1274},
  number = {5},
  month = {sept. },
  abstract = {This paper presents a method for automated vessel segmentation in
	retinal images. For each pixel in the field of view of the image,
	a 41-D feature vector is constructed, encoding information on the
	local intensity structure, spatial properties, and geometry at multiple
	scales. An AdaBoost classifier is trained on 789 914 gold standard
	examples of vessel and nonvessel pixels, then used for classifying
	previously unseen images. The algorithm was tested on the public
	digital retinal images for vessel extraction (DRIVE) set, frequently
	used in the literature and consisting of 40 manually labeled images
	with gold standard. Results were compared experimentally with those
	of eight algorithms as well as the additional manual segmentation
	provided by DRIVE. Training was conducted confined to the dedicated
	training set from the DRIVE database, and feature-based AdaBoost
	classifier (FABC) was tested on the 20 images from the test set.
	FABC achieved an area under the receiver operating characteristic
	(ROC) curve of 0.9561, in line with state-of-the-art approaches,
	but outperforming their accuracy (0.9597 versus 0.9473 for the nearest
	performer).},
  doi = {10.1109/TITB.2010.2052282},
  file = {:40_Lupascu_ITITIB2010.pdf:PDF},
  issn = {1089-7771},
  keywords = {41-D feature vector;DRIVE database;FABC;automated vessel segmentation;encoding
	information;feature-based AdaBoost classifier;gold standard examples;local
	intensity structure;public digital retinal images for vessel extraction;receiver
	operating characteristic curve;retinal vessel segmentation;blood
	vessels;eye;feature extraction;image classification;image segmentation;medical
	image processing;Algorithms;Artificial Intelligence;Bayes Theorem;Databases,
	Factual;Fluorescein Angiography;Humans;Image Processing, Computer-Assisted;Models,
	Biological;Normal Distribution;ROC Curve;Reproducibility of Results;Retinal
	Vessels;},
  review = {NOTE
	
	
	We use a rich, 41-D feature vector encoding information on the local
	intensity structure, spatial properties, and geometry at multiple
	scales. Classiﬁcation relies on an AdaBoost classiﬁer. 
	
	The strength of our approach lies in its capturing a rich collection
	of shape and structural information, in addition to local information
	at multiple spatial scales, in the feature vector.
	
	The quality of the vessel map decreases as vessels become very thin},
  timestamp = {2012.01.09}
}

@ARTICLE{Macia2012,
  author = {Macía, Iván and Graña, Manuel and Paloc, Celine},
  title = {Knowledge management in image-based analysis of blood vessel structures},
  journal = {Knowledge and Information Systems},
  year = {2012},
  volume = {30},
  pages = {457-491},
  note = {10.1007/s10115-010-0377-x},
  affiliation = {Vicomtech, Visual Communications Technologies Centre, San Sebastian,
	Spain},
  issn = {0219-1377},
  issue = {2},
  keyword = {Computer Science},
  publisher = {Springer London},
  timestamp = {2012.01.11}
}

@INPROCEEDINGS{Metz2007,
  author = {Metz, C. and Schaap, M. and van der Giessen, A. and van Walsum, T.
	and Niessen, W.},
  title = {Semi-automatic Coronary Artery Centerline Extraction in Computed
	Tomography Data},
  booktitle = {IEEE International Symposium on Biomedical Imaging: from Nano to
	Macro},
  year = {2007},
  series = {ISBI'07},
  pages = {856--859},
  address = {Washington, DC, USA},
  publisher = {IEEE Press},
  abstract = {{This paper presents a semi-automatic coronary centerline extraction
	algorithm for computed tomography angiography data. The method applies
	region growing to computed tomography angiography data and incorporates
	bifurcation and leak detection. The presented method is evaluated
	either on the original data and on data in which vessel-like structures
	have been enhanced. Semi-automatically extracted centerlines of the
	three main coronary arteries are compared with centerlines manually
	annotated by three observers, using an overlap and distance measure.
	The method successfully extracted vessel centerlines in up to 15
	out of 18 evaluated cases, with a localization accuracy which was
	in the range of the interobserver variability. Vessel enhancement
	prior to centerline extraction did not improve the results}},
  citeulike-article-id = {2932830},
  citeulike-linkout-0 = {http://dx.doi.org/10.1109/ISBI.2007.356987},
  citeulike-linkout-1 = {http://ieeexplore.ieee.org/xpls/abs\_all.jsp?arnumber=4193421},
  doi = {10.1109/ISBI.2007.356987},
  keywords = {vessel},
  posted-at = {2008-06-27 08:37:34},
  priority = {2},
  review = {Hacen region growing con la que generan una máscara que luego skeletonizan
	para obtener el eje}
}

@INPROCEEDINGS{Metz2008,
  author = {Metz, C and Schaap, M and Walsum, T Van and Giessen, A Van Der and
	Weustink, A and Mollet, N and Krestin, G and Niessen, W},
  title = {{3D Segmentation in the Clinic: A Grand Challenge II -- Coronary Artery
	Tracking}},
  booktitle = {Medical Image Computing and ComputerAssisted Intervention -- MICCAI},
  year = {2008},
  address = {Brisbane, Australia},
  file = {:./30_Metz_2008.pdf:PDF},
  review = {Publicacion del concurso del 2008 (ejes) en Insight Journal}
}

@INPROCEEDINGS{Mittal2010,
  author = {Mittal, Sushil and Zheng, Yefeng and Georgescu, Bogdan and Vega-Higuera,
	Fernando and Zhou, Shaohua Kevin and Meer, Peter and Comaniciu, Dorin},
  title = {Fast automatic detection of calcified coronary lesions in 3d cardiac
	CT images},
  booktitle = {Proceedings of the First international conference on Machine learning
	in medical imaging},
  year = {2010},
  series = {MLMI'10},
  pages = {1--9},
  address = {Berlin, Heidelberg},
  publisher = {Springer-Verlag},
  acmid = {1889136},
  file = {:23_Mittal02.pdf:PDF},
  isbn = {3-642-15947-8, 978-3-642-15947-3},
  location = {Beijing, China},
  numpages = {9},
  review = {Calcified lesion detection using PBT and Random forest algorithms.
	
	
	Good results with a given centerline.
	
	Algo similar a concentric rings o concentric "cylinders".}
}

@INPROCEEDINGS{Nain2004,
  author = {Nain, D. and Yezzi, A.J. and Turk, G.},
  title = {Vessel Segmentation Using a Shape Driven Flow},
  booktitle = {Medical Imaging Computing and Computer-Assisted Intervention -- MICCAI},
  year = {2004},
  volume = {LNCS 3216},
  pages = {51--59},
  address = {St Malo, France},
  doi = {10.1007/978-3-540-30135-6_7},
  file = {:47_Nain_2004.pdf:PDF},
  masid = {1853713},
  review = {Segmentacion 3D que agrega un a priori de forma ciliíndrica. Region
	based active conture que segmenta tubular structures y penaliza leakages
	
	
	Semi automático
	
	No tiene resultados cuantitativos},
  timestamp = {2012.03.25}
}

@ARTICLE{Olabarriaga2003,
  author = {S.D Olabarriaga and M Breeuwer and W.J Niessen},
  title = {Evaluation of Hessian-based filters to enhance the axis of coronary
	arteries in CT images},
  journal = {International Congress Series},
  year = {2003},
  volume = {1256},
  pages = {1191 - 1196},
  note = {CARS 2003. Computer Assisted Radiology and Surgery. Proceedings of
	the 17th International Congress and Exhibition},
  abstract = {This work describes an evaluation of three Hessian-based filters for
	enhancement of the central axis of coronary arteries in multi-detector
	CT images acquired with contrast injection. These filters analyze
	the main modes of 2nd-order variation in image intensity to determine
	the type of local structure present in the image (tubular-like).
	The average filter response obtained with different parameter configurations
	was measured at fixed distances from a reference central axis determined
	manually. Results were compared with two objective measures, namely
	the response decay rate at the center and the overall response within
	5 mm.},
  doi = {DOI: 10.1016/S0531-5131(03)00307-8},
  file = {:24_Olabarriaga_2003.pdf:PDF},
  issn = {0531-5131},
  keywords = {Coronary arteries},
  review = {Pros:
	
	
	En general se obtienen los mejores resultados con un sigma bajo de
	0.5 a 0.8. El valor decrece considerablemente hace los 3.5mm de distancia
	al centro.
	
	
	Contras:
	
	
	Notas adicionales:
	
	Evaluacion de tres filtros basados en hessian en el realce de arterias
	coronarias}
}

@ARTICLE{Orkisz2008,
  author = {Orkisz, M. and Fl\'{o}rez Valencia, L. and Hern{\'a}ndez Hoyos, M.},
  title = {Models, algorithms and applications in vascular image segmentation},
  year = {2008},
  volume = {17},
  pages = {5--33},
  month = {January},
  acmid = {1534496},
  address = {Warsaw, Poland, Poland},
  file = {:08_Orkisz_ModelsSegmentation.pdf:PDF},
  issn = {1230-0535},
  issue = {1},
  keywords = {Hessian, active contours, centerlines, deformable models, eigen-analysis,
	fast-marching level sets, generalized cylinders, inertia moments,
	simplex meshes, tracking},
  numpages = {29},
  publisher = {Polish Academy of Sciences},
  review = {Resumen de los conceptos generales y de base en matematica y mecanica
	... 
	
	
	Presenta un análisis de lo que se ha logrado en términos de extracción
	y segmentación de arterias. 
	
	También se presentan las mejoras que se pueden hacer en imágenes y
	la identificación de patologías. Están subrayadas las partes más
	importantes del PDF. Se copian algunas partes importantes de esta
	revisión:
	
	
	The segmentation of tubular structures such as blood vessels requires
	the extraction of their axial shape, deﬁned by the centerlines, and
	of their boundaries. 
	
	
	Depending on the image acquisition type, the boundaries may represent
	either only the borders of the vascular lumen or both the internal
	and external border of the vessel wall.
	
	
	HAY UNA SECCION DEDICADA A CUANTIFICACIÓN DEL LUMEN. Se usan contornos
	activos en un punto del lumen que sirve de semilla. También se ha
	hecho con un raycasting desde el "centro". El 2.4.2 también habla
	sobre cuantificación del lumen. 
	
	
	A TENER EN CUENTA PORQUE PRESENTA LA IDENTIFICACIÓN DEL LUMEN ARTERIAL
	COMO UN PROBLEMA DE GEOMETRÍA DE CONTORNOS... DIFERENTE A LO QUE
	HACEMOS.}
}

@ARTICLE{Orlowski2009,
  author = {P. Orlowski and M. Orkisz},
  title = {Efficient computation of Hessian-based enhancement filters for tubular
	structures in 3D images},
  journal = {Innov Tech Biol Med - RBM},
  year = {2009},
  volume = {30},
  pages = {128 - 132},
  number = {3},
  abstract = {This work presents guidelines for a computationally efficient implementation
	of multiscale image filters based on eigenanalysis of the Hessian
	matrix, for the enhancement of tubular structures. Our focus is the
	application to 3D medical images of blood vessels. The method uses
	matrix trace, determinant and sign to discard voxels unlikely to
	belong to vessels, prior to the calculation of the Hessian eigenvalues.
	As example of time savings, we provide results obtained in four computed
	tomography datasets (300 × 300 × 300 voxels) containing coronary
	and pulmonary arteries. The test based on the Hessian trace avoided
	the computation of the eigenvalues in half of the voxels on average,
	while the test combining the Hessian determinant and sign eliminated
	up to 10% additional voxels. The actual time savings depend on the
	algorithm used to compute the eigenvalues for the remaining voxels.
	With a very fast algorithm using a closed-form solution, the computational
	time was reduced from 20.5 to 12.5 seconds per scale, but the time
	gained thanks to the more complex of the two tests was negligible.
	However, this fast algorithm is prone to numerical instabilities.
	Accurate computation of the eigenvalues requires the use of iterative
	or hybrid algorithms. In this case, both tests produce time savings
	and the computational time can be reduced by several minutes per
	scale.},
  doi = {10.1016/j.irbm.2009.04.003},
  file = {:11_Orlowski_TubularStructures.pdf:PDF},
  issn = {1959-0318},
  keywords = {Angiography},
  review = {Explicación sobre la optimizacion del calculo de la matriz hessiana
	en la que se obtienen dos valores nuevos: 
	
	 - La traza y el determinante de la matriz. 
	
	 - Principalmente el primer valor reduce en casi la mitad el tiempo
	de cálculo de los valores propios que se consideran parte de una
	estructura tubular.
	
	
	Principal aporte: Reducir tiempos en calcular hessiano.}
}

@INPROCEEDINGS{Pacureanu2010,
  author = {Pacureanu, A. and Revol-Muller, C. and Rose, J.L. and Sanchez-Ruiz,
	M. and Peyrin, F.},
  title = {A Vesselness-guided Variational Segmentation of Cellular Networks
	from {3D Micro-CT}},
  booktitle = {IEEE International Symposium on Biomedical Imaging: from Nano to
	Macro},
  year = {2010},
  pages = {912 - 915},
  address = {Rotterdam, Netherlands},
  month = {06/2010},
  doi = {10.1109/ISBI.2010.5490135 },
  file = {:65_Pacureanu_2010.pdf:PDF},
  issn = {978-1-4244-4125-9 },
  keywords = {categ_st2i, nouvelle_equipe_7, structure_os},
  review = {Variational region growing using Sato and Frangi vesselness functions}
}

@ARTICLE{Pundziute2007,
  author = {Pundziute, G. and Schuijf, J.D. and Jukema, J.W. and Boersma, E.
	and Scholte, A.J.H.A. and Kroft, L.J.M. and van der Wall, E.E. and
	Bax, J.J.},
  title = {Noninvasive assessment of plaque characteristics with multislice
	computed tomography coronary angiography in symptomatic diabetic
	patients},
  journal = {Diabetes Care},
  year = {2007},
  volume = {30},
  pages = {1113--1119},
  number = {5},
  publisher = {Am Diabetes Assoc}
}

@INPROCEEDINGS{Renard2008,
  author = {Renard, F. and Yang, Yongyi},
  title = {{Image analysis for detection of coronary artery soft plaques in {MDCT}
	images}},
  booktitle = {IEEE International Symposium on Biomedical Imaging: from Nano to
	Macro},
  year = {2008},
  series = {ISBI'08},
  pages = {25--28},
  address = {Paris, France},
  publisher = {IEEE Press},
  abstract = {{In this paper we aim to develop a computationally- efficient image-segmentation
	procedure for detection and quantification of soft plaques in coronary
	arteries from multidetector CT images. The proposed method consists
	of three steps: extraction of the arterial lumen centerline, segmentation
	of the lumen and arterial wall separately with locally adaptive region
	growing, and detection of soft plaques based on effective cross-
	section areas of the lumen and of the wall. Preliminary results using
	clinical acquisitions are presented to demonstrate the effectiveness
	of the proposed method.}},
  citeulike-article-id = {4025156},
  citeulike-linkout-0 = {http://dx.doi.org/10.1109/ISBI.2008.4540923},
  citeulike-linkout-1 = {http://ieeexplore.ieee.org/xpls/abs\_all.jsp?arnumber=4540923},
  doi = {10.1109/ISBI.2008.4540923},
  file = {:62_Renard_2008.pdf:PDF},
  keywords = {artery, coronary, mdct, plaques, soft},
  posted-at = {2009-02-09 10:50:04},
  priority = {3},
  review = {Analysis de segmentacion basado en un crecimiento de regiones basico
	y estadisticas locales de valor promedio y desviacion estandar}
}

@ARTICLE{Sato1998,
  author = {Sato, Y and Nakajima, S. and Nobuyuki Shiraga and Hideki
	Atsumi and Shigeyuki Yoshida and Thomas Koller and Guido Gerig and
	Ron Kikinis},
  title = {Three-dimensional multi-scale line filter for segmentation and visualization
	of curvilinear structures in medical images},
  journal = {Medical Image Analysis},
  year = {1998},
  volume = {2},
  pages = {143 - 168},
  number = {2},
  abstract = {This paper describes a method for the enhancement of curvilinear structures
	such as vessels and bronchi in three-dimensional (3-D) medical images.
	A 3-D line enhancement filter is developed with the aim of discriminating
	line structures from other structures and recovering line structures
	of various widths. The 3-D line filter is based on a combination
	of the eigenvalues of the 3-D Hessian matrix. Multi-scale integration
	is formulated by taking the maximum among single-scale filter responses,
	and its characteristics are examined to derive criteria for the selection
	of parameters in the formulation. The resultant multi-scale line-filtered
	images provide significantly improved segmentation and visualization
	of curvilinear structures. The usefulness of the method is demonstrated
	by the segmentation and visualization of brain vessels from magnetic
	resonance imaging (MRI) and magnetic resonance angiography (MRA),
	bronchi from a chest CT, and liver vessels (portal veins) from an
	abdominal CT.},
  doi = {10.1016/S1361-8415(98)80009-1},
  issn = {1361-8415},
  review = {Sato vesselness function}
}

@ARTICLE{Schaap2009,
  author = {M. Schaap and C.T. Metz and T. van Walsum and A.G. van der Giessen and A.C.
     Weustink and N.R.A. Mollet and C. Bauer and H. Bogunović and C. Castro and X.
     Deng and E. Dikici and T. O'Donnell and M. Frenay and O. Friman and M.
     Hernández Hoyos and P.H. Kitslaar and K. Krissian and C. Kühnel and M. A.
     Luengo-Oroz and M. Orkisz and Ö Smedby and M. Styner and A. Szymczak and H. Tek
     and C. Wang and S. K. Warfield and S. Zambal and Y. Zhang and G. P. Krestin and
     W.J. Niessen},
  journal = {Medical Image Analysis},
  year = {2009},
  pages = {701-714},
  title = {Standardized Evaluation Methodology and Reference Database for Evaluating
     Coronary Artery Centerline Extraction Algorithms},
  volume = {13/5}     
}

@PHDTHESIS{Schaap2010Thesis,
  author = {M. Schaap},
  title = {Quantitative Image Analysis in Cardiac {CT} Angiography},
  school = {Erasmus University Rotterdam},
  year = {2010},
  copromotor = {T. van Walsum},
  file = {:44_Schaap_Thesis2010.pdf:PDF},
  promotor = {W.J. Niessen},
  review = {PIPELINE DE INTERÉS EN EL ESTUDIO DEL SISTEMA VASCULAR
	
	
	The quantiﬁcation of cardiovascular disease in cardiac CTA images
	in general starts with the delineation, or segmentation, of the coronary
	lumen. Subsequently the topology and morphology of the coronary lumen
	can be quantiﬁed, plaque can be delineated, and lumen and plaque
	parameters can be quantiﬁed. The segmentation of the vascular lumen
	from the image is often tackled in a
	
	two-step coarse-to-ﬁne fashion: ﬁrst a method is used to locate the
	coronary arteries in the CTA image and then the vessel is segmented
	given its location. In the ﬁrst step the algorithm uses the complete
	image to extract a set of curves running through the center of the
	vascular lumen. This step is referred to as centerline extraction.
	In the second step an algorithm uses local image information around
	these curves to segment the vessels. Especially centerline extraction
	in medical images has received considerable attention, as it can
	be used as a preprocessing step for vessel segmentation, but also
	to visualize cardiac CTA data with multi-planar reformatting (MPR)
	and curved planar reformatting (CPR) visualization techniques. These
	reformatted images can for example be used to diagnose CAD, but also
	in interventional cardiology, to plan the type of intervention and
	size of stents.},
  timestamp = {2012.02.26}
}

@ARTICLE{Schaap2009,
  author = {Schaap, M. and Metz, C. T. and van Walsum, T. and van der Giessen,
	A. G. and Weustink, A. C. and Mollet, N. R. and Bauer, C. and Bogunovi{\'c},
	H. and Castro, C. and Deng, X. and Dikici, E. and O{\textquoteright}Donnell,
	T. and Frenay, M. and Friman, O. and Hern{\'a}ndez Hoyos, M. and
	Kitslaar, P. H. and Krissian, K. and K{\"u}hnel, C. and Luengo-Oroz,
	M. A. and Orkisz, M. and Smedby, {\"O}. and Styner, M. and Szymczak,
	A. and Tek, H. and Wang, C. and Warfield, S. K. and Zhang, Y. and
	Zambal, S. and Krestin, G. P. and Niessen, W. J.},
  title = {Standardized evaluation methodology and reference database for evaluating
	coronary artery centerline extraction algorithms},
  journal = {Medical Image Analysis},
  year = {2009},
  volume = {13},
  pages = {701 - 714},
  number = {5},
  abstract = {Efficiently obtaining a reliable coronary artery centerline from computed
	tomography angiography data is relevant in clinical practice. Whereas
	numerous methods have been presented for this purpose, up to now
	no standardized evaluation methodology has been published to reliably
	evaluate and compare the performance of the existing or newly developed
	coronary artery centerline extraction algorithms. This paper describes
	a standardized evaluation methodology and reference database for
	the quantitative evaluation of coronary artery centerline extraction
	algorithms. The contribution of this work is fourfold: (1) a method
	is described to create a consensus centerline with multiple observers,
	(2) well-defined measures are presented for the evaluation of coronary
	artery centerline extraction algorithms, (3) a database containing
	32 cardiac CTA datasets with corresponding reference standard is
	described and made available, and (4) 13 coronary artery centerline
	extraction algorithms, implemented by different research groups,
	are quantitatively evaluated and compared. The presented evaluation
	framework is made available to the medical imaging community for
	benchmarking existing or newly developed coronary centerline extraction
	algorithms.},
  doi = {DOI: 10.1016/j.media.2009.06.003},
  file = {:02_Schaap_MedIA.pdf:PDF},
  issn = {1361-8415},
  keywords = {Standardized evaluation},
  review = {Framework de evaluacion y test de algunos metodos importantes encontrados
	en la literatura para extracción de ejes centrales. 
	
	Algunos completamente automaticos, otros semi-automaticos, otros manuales.
	
	Propone una clasificacion y medida de dichos algoritmos. 
	
	Definiciones importantes a tener en cuenta para la evaluacion y presenta
	un set de imagenes de prueba para poder realizar nuevos algoritmos
	y compararlos con los existentes.}
}

@CONFERENCE{Schaap2009a,
  author = {M. Schaap and L. Neefjes and C.T. Metz and A.G. van der Giessen and
	A.C. Weustink and N.R.A. Mollet and J.J. Wentzel and T. van Walsum
	and W.J. Niessen},
  title = {Coronary Lumen Segmentation using Graph Cuts and Robust Kernel Regression},
  booktitle = {Information Processing in Medical Imaging 2009},
  year = {2009},
  editor = {Jerry L. Prince, Dzung L. Pham, Kyle J. Myers},
  pages = {528-539},
  month = {July},
  abstract = {This paper presents a novel method for segmenting the coronary lumen
	in CTA data. The method is based on graph cuts, with edge-weights
	depending on the intensity of the centerline, and robust kernelregression.
	A quantitative evaluation in 28 coronary arteries from 12 patients
	is performed by comparing the semi-automatic segmentations to manual
	annotations. This evaluation showed that the method was able to segment
	the coronary arteries with high accuracy, compared to manually annotated
	segmentations, which is reflected in a Dice coefficient of0.85 and
	average symmetric surface distance of 0.22 mm.},
  file = {:48_Schaap_IPMI2009.pdf:PDF},
  review = {Analisis 2D que hace una primera segmentación con un método basado
	en un campo de Markov optimizado en un grafo. Esta optimización busca
	generar una región homogenea cercano al vaso y otra región al exterior.
	Luego que se obtiene una primera segmentación, se reducen los lugares
	donde hubo problemas de segmentación trazando rayos perpendiculares
	al eje y se cierra una figura más suave y circular.
	
	
	SEGMENTING THE DISTAL PART OF THE VESSEL IS NOT ALWAYS NEEDED IN CLINICAL
	PRACTICE BECAUSE DISEASE OCCURS FOR MORE THAN 95% IN THE FIRST 90mm
	OF THE CORONARY ARTERIES.
	
	
	DICE: 85 %
	
	12 CTA
	
	Solo un observador como referencia},
  timestamp = {2012.03.25}
}

@ARTICLE{Schaap2011,
  author = {Schaap, M. and van Walsum, T. and Neefjes, L. and Metz, C. and Capuano,
	E. and de Bruijne, M. and Niessen, W.},
  title = {Robust Shape Regression for Supervised Vessel Segmentation and its
	Application to Coronary Segmentation in {CTA}},
  journal = {IEEE Transactions on Medical Imaging},
  year = {2011},
  volume = {30},
  pages = {1974 -1986},
  number = {11},
  month = {nov. },
  abstract = {This paper presents a vessel segmentation method which learns the
	geometry and appearance of vessels in medical images from annotated
	data and uses this knowledge to segment vessels in unseen images.
	Vessels are segmented in a coarse-to-fine fashion. First, the vessel
	boundaries are estimated with multivariate linear regression using
	image intensities sampled in a region of interest around an initialization
	curve. Subsequently, the position of the vessel boundary is refined
	with a robust nonlinear regression technique using intensity profiles
	sampled across the boundary of the rough segmentation and using information
	about plausible cross-sectional vessel shapes. The method was evaluated
	by quantitatively comparing segmentation results to manual annotations
	of 229 coronary arteries. On average the difference between the automatically
	obtained segmentations and manual contours was smaller than the inter-observer
	variability, which is an indicator that the method outperforms manual
	annotation. The method was also evaluated by using it for centerline
	refinement on 24 publicly available datasets of the Rotterdam Coronary
	Artery Evaluation Framework. Centerlines are extracted with an existing
	method and refined with the proposed method. This combination is
	currently ranked second out of 10 evaluated interactive centerline
	extraction methods. An additional qualitative expert evaluation in
	which 250 automatic segmentations were compared to manual segmentations
	showed that the automatically obtained contours were rated on average
	better than manual contours.},
  doi = {10.1109/TMI.2011.2160556},
  file = {:38_Schaap_ITMI2011.pdf:PDF},
  issn = {0278-0062},
  keywords = {CTA;Rotterdam Coronary Artery Evaluation Framework;annotated data;coarse
	to fine segmentation;coronary segmentation;cross sectional vessel
	shapes;image intensity profiles;initialization curve;medical images;multivariate
	linear regression;nonlinear regression technique;robust shape regression;supervised
	vessel segmentation;vessel appearance learning;vessel boundary estimation;vessel
	boundary position;vessel geometry learning;vessel segmentation method;blood
	vessels;computerised tomography;diagnostic radiography;edge detection;image
	segmentation;medical image processing;regression analysis;},
  review = {METODO
	
	Define un sistema de referencia para hacer un CPR en el eje y en cada
	corte calcular el mâximo. 
	
	Luego hace una curva con los mâximos y hace la regresion. La calcificaciôn
	en un corte particular se pone en un valor mâs oscuro que el lumen
	
	Se entrena en el corte con ese punto, se define un cilindro de interes
	con la intensidad y se calcula una primera forma gruesa de la arteria
	(un circulo)
	
	Luego se ajusta colocando unos landmarks en el contorno encontrado
	y se determina el vector de desplazamiento de cada punto respecto
	a la segmentaciôn de referencia.
	
	A partir de los llandmarks se buscan los K nearest neighbours con
	la referencia
	
	...
	
	
	PREGUNTAS
	
	Como se evalua una nueva imagen ?? como se genera el modelo a partir
	de los ejemplos dados ?? 
	
	
	NOTAS
	
	Requiere de un eje previo que no necesita ser del todo preciso.
	
	Hace un analisis en 2D.
	
	Utiliza 229 CTA's anotados !!
	
	Metodo cualitativamente evaluado en 250 segmentaciones, valores obtenidos
	con el framework de rotterdam en 24 datasets de prueba. SEGUNDO EN
	ROTTERDAM luego de calcular el eje generado por las segmentaciones
	del lumen
	
	Figura 8 explica todo el mêtodo
	
	The radius of the region of interest was fixed to 6.0 mm, to accommodate
	for the largest coronary diameters of approximately 5.0 mm and an
	inaccurate centerline with an error of approximately 1.0 mm.
	
	Los parametros fueron ajustados experimentalmente.
	
	El mêtodo se pasô como interactive extraction method. 12 min per patient
	for centerline extraction and 10 min for segmentation
	
	Explica rapidamente las medidas del framework de evaluacion de Rotterdam},
  timestamp = {2012.01.09}
}

@INPROCEEDINGS{Shahzad2010,
  author = {Shahzad, R. and Schaap, M. and van Walsum, T. and Klien, S. and Weustink,
	A. C. and van Vliet, L. J. and Niessen, W. J.},
  title = {A patient-specific coronary density estimate},
  booktitle = {IEEE International Symposium on Biomedical Imaging: from Nano to
	Macro},
  year = {2010},
  series = {ISBI'10},
  pages = {9--12},
  address = {Piscataway, NJ, USA},
  publisher = {IEEE Press},
  acmid = {1855966},
  file = {:20_Shanzad_2010.pdf:PDF},
  isbn = {978-1-4244-4125-9},
  keywords = {CT, CTA, atlas, calcium score, coronary arteries, image registration},
  location = {Rotterdam, Netherlands},
  numpages = {4},
  review = {Estima las zonas del corazon donde se encuentran las coronarias haciendo
	recalage de arboles coronarios (ejes) previamente extraidos. 
	
	Con eso define una región de interés para detectar calcificaciones
	y patologías.
	
	Recalage para explotar y definir un atlas.}
}

@INPROCEEDINGS{Socher2008,
  author = {Socher, R. and Barbu, A. and Comaniciu, D.},
  title = {A Learning Based Hierarchical Model for Vessel Segmentation},
  booktitle = {IEEE International Symposium on Biomedical Imaging: From Nano to
	Macro (ISBI'08)},
  year = {2008},
  address = {Paris, France},
  month = {May},
  publisher = {IEEE Press},
  abstract = {In this paper we present a learning based method for vessel segmentation
	in angiographic videos. Vessel Segmentation is an important task
	in medical imaging and has been investigated extensively in the past.
	Traditional approaches often require pre-processing steps, standard
	conditions or manually set seed points. Our method is automatic,
	fast and robust towards noise often seen in low radiation X-ray images.
	Furthermore, it can be easily trained and used for any kind of tubular
	structure. We formulate the segmentation task as a hierarchical learning
	problem over 3 levels: border points, cross-segments and vessel pieces,
	corresponding to the vessel’s position, width and length. Following
	the Marginal Space Learning paradigm the detection on each level
	is performed by a learned classifier. We use Probabilistic Boosting
	Trees with Haar and steerable features. First results of segmenting
	the vessel which surrounds a guide wire in 200 frames are presented
	and future additions are discussed.},
  file = {:21_Socher_2008.pdf:PDF},
  review = {Pros:
	
	Metodo automatico
	
	Generaliza bien con rayos X de baja calidad.
	
	La tasa de detección correcta es de 90%, sin embargo también hay varias
	falsas alarmas.
	
	Suficientemente rápido
	
	
	Contras:
	
	No tiene la detección de bifurcaciones.
	
	La tase de falsas alarmas es alta y peude ser bastante significativa
	debido a la presencia de un vaso dominante respecto al del cable
	guía
	
	
	Notas adicionales:
	
	
	Metodo automatico para la segmentar el vaso que sigue la guía en un
	video de angiografía.
	
	Which are the annotations that they mention in the article ?
	
	Boosting tree, steerable features, and marginal spaces to determine
	the main vessel. Edges, cross sections, and quadrilaterals.}
}

@ARTICLE{Su2012,
  author = {Su, Ran and Sun, Changming and Pham, Tuan D.},
  title = {Junction detection for linear structures based on Hessian, correlation
	and shape information},
  journal = {Pattern Recogn.},
  year = {2012},
  volume = {45},
  pages = {3695--3706},
  number = {10},
  month = oct,
  acmid = {2240822},
  address = {New York, NY, USA},
  doi = {10.1016/j.patcog.2012.04.013},
  file = {:53_Su_2011.pdf:PDF},
  issn = {0031-3203},
  issue_date = {October, 2012},
  keywords = {Correlation matrix, Hessian information, Junction detection, Linear
	structure, Template},
  numpages = {12},
  publisher = {Elsevier Science Inc.}
}

@PHDTHESIS{Tankyevych2010,
  author = {Tankyevych, O.},
  title = {Filtering of thin objects: applications to vascular image analysis},
  school = {University Paris-Est},
  year = {2010},
  file = {:57_Tankyevych_These.pdf:PDF},
  webpdf = {http://www.esiee.fr/~tankyevo/Tankyevych_phd_thesis.pdf}
}

@INBOOK{Tankyevych2011,
  chapter = {Chapter 5},
  title = {Angiographic image analysis},
  publisher = {Springer},
  year = {2011},
  editor = {Dougherty},
  author = {Olena Tankyevych and Hugues Talbot and Nicolas Passat and Petr Musacchio
	and Michel Lagneau},
  booktitle = {Medical Image Processing: Techniques and Applications},
  file = {:03_Vessels_v1.pdf:PDF},
  owner = {Ricardo},
  review = {Capítulo de un libro / Tesis de Olena 
	
	Describe las técnicas de adquisición de imágenes de CTA y MRA. 
	
	Realiza una revisión de cada método de segmentación (son ocho métodos)
	y describe las bases matemáticas que usan. 
	
	También muestra los pros y contras de cada uno de los métodos.},
  timestamp = {2011.04.04}
}

@ARTICLE{Tessmann2011,
  author = {Tessmann, M. and {Vega Higuera}, F. and Bischoff, B.
	and J{\"o}rg Hausleiter and G{\"u}nther Greiner},
  title = {Automatic detection and quantification of coronary calcium on {3D
	CT} angiography data},
  journal = {Computer Science},
  year = {2011},
  volume = {26},
  pages = {117-124},
  number = {1-2},
  bibsource = {DBLP, http://dblp.uni-trier.de},
  ee = {http://dx.doi.org/10.1007/s00450-010-0131-3},
  file = {:59_Tessmann_2011.pdf:PDF}
}

@INPROCEEDINGS{Tek2011,
  author = {Tek, H. and Zheng, Y. and Gulsun, M. A. and Funka-Lea, G.},
  title = {An Automatic System For Segmenting Coronary Arteries from {CTA}},
  booktitle = {MICCAI Workshop on Computing and Visualization for Intravascular
	Imaging},
  year = {2011},
  pages = {47--54},
  address = {Toronto, Canada},
  owner = {RaC},
  timestamp = {2012.06.17}
}

@INPROCEEDINGS{Viola2001,
  author = {Paul Viola and Michael Jones},
  title = {Rapid Object Detection Using a Boosted Cascade of Simple Features},
  year = {2001},
  pages = {511--518},
  file = {:34_ViolaJones_2001.pdf:PDF},
  review = {Imagenes integrales y boosting}
}

@ARTICLE{Vukadinovic2010,
  author = {Vukadinovic, D. and van Walsum, T. and Manniesing, R. and Rozie,
	S. and Hameeteman, R. and de Weert, T.T. and van der Lugt, A. and
	Niessen, W.J.},
  title = {Segmentation of the Outer Vessel Wall of the Common Carotid Artery
	in {CTA}},
  journal = {Medical Imaging, IEEE Transactions on},
  year = {2010},
  volume = {29},
  pages = {65 -76},
  number = {1},
  month = jan.,
  abstract = {A novel method is presented for carotid artery vessel wall segmentation
	in computed tomography angiography (CTA) data. First the carotid
	lumen is semi-automatically segmented using a level set approach
	initialized with three seed points. Subsequently, calcium regions
	located within the vessel wall are automatically detected and classified
	using multiple features in a GentleBoost framework. Calcium regions
	segmentation is used to improve localization of the outer vessel
	wall because it is an easier task than direct outer vessel wall segmentation.
	In a third step, pixels outside the lumen area are classified as
	vessel wall or background, using the same GentleBoost framework with
	a different set of image features. Finally, a 2-D ellipse shape deformable
	model is fitted to a cost image derived from both the calcium and
	vessel wall classifications. The method has been validated on a dataset
	of 60 CTA images. The experimental results show that the accuracy
	of the method is comparable to the interobserver variability.},
  doi = {10.1109/TMI.2009.2025702},
  file = {:22_Vukadinovic_2010.pdf:PDF},
  issn = {0278-0062},
  keywords = {2D ellipse shape deformable model;GentleBoost framework;carotid lumen;common
	carotid artery;computed tomography angiography;outer vessel wall
	segmentation;angiocardiography;computerised tomography;image segmentation;medical
	image processing;},
  review = {Trabaja en Carôtidas en imagenes de CT para segmentar la pared externa
	de la carotida comun. 
	
	Se hace un anâlisis inicial en 3D para detectar calcificaciones y
	luego en 2D para el resto.
	
	Para esto utiliza GentleBoost.
	
	Detecta a priori las calcificaciones y luego se centra en las paredes.}
}

@PHDTHESIS{Wang2011Thesis,
  author = {Wang, Chunliang},
  title = {Computer-Assisted Coronary {CT} Angiography Analysis: From Software
	Development to Clinical Application},
  school = {Link{\"o}ping University, Radiology, Center for Medical Image Science
	and Visualization, CMIV, Faculty of Health Sciences},
  year = {2011},
  file = {:29_Wang_2011.pdf:PDF},
  institution = {Linköping University, Radiology},
  number = {1237},
  pages = {57},
  publisher = {Link{\"o}ping University Electronic Press},
  series = {Link{\"o}ping University Medical Dissertations}
}

@INPROCEEDINGS{Wink2002,
  author = {Onno Wink and Ro F. Frangi and Bert Verdonck and Max A. Viergever
	and Wiro J. Niessen},
  title = {3D MRA coronary axis determination using a minimum cost approach},
  booktitle = {Magnetic Resonance in Medicine},
  year = {2002},
  pages = {1169--1175},
  review = {Metodo en el que se basa Leonardo Florez para extraccion del eje}
}

@TECHREPORT{WHO2011,
  author = {{World Health Organization}},
  title = {Global status report on noncommunicable diseases 2010},
  institution = {World Health Organization},
  year = {2011},
  file = {:54_WHO_Report_2010.pdf:PDF},
  owner = {RaC},
  timestamp = {2012.06.10}
}

@ARTICLE{Xu2012,
  author = {Xu, Y. and Liang, G. and Hu, G. and Yang, Y. and Geng, J. and Saha, P.K.},
  title = {Quantification of coronary arterial stenoses in {CTA} using fuzzy
	distance transform},
  journal = {Comp. Med. Imag. and Graph.},
  year = {2012},
  volume = {36},
  pages = {11-24},
  number = {1},
  bibsource = {DBLP, http://dblp.uni-trier.de},
  ee = {http://dx.doi.org/10.1016/j.compmedimag.2011.03.004},
  file = {:51_Xu_2011.pdf:PDF}
}

@INPROCEEDINGS{Zhao2011,
  author = {Zhao, F. and Bhotika, R.},
  title = {Coronary artery tree tracking with robust junction detection in 3D
	CT angiography},
  booktitle = {IEEE International Symposium on Biomedical Imaging: From Nano to
	Macro, 2011},
  year = {2011},
  series = {ISBI'11},
  pages = {66 -72},
  month = {April},
  abstract = {Computed Tomography Angiography (CTA) of the heart is a non-invasive
	procedure to rule out coronary artery disease or measure its extent
	and plan treatments and interventions. The need for coronary tree
	tracking methods that require minimum human interaction and produce
	accurate and robust measurements is therefore of great clinical importance.
	In this work we present a probabilistic coronary artery tree tracking
	method incorporating efficient statistical vessel junction detection.
	The method uses a single initial seed point at the top of the tree
	and recursively tracks every vessel branch based on a Sequential
	Monte Carlo framework. All junctions along the vessel tree are detected
	automatically. Performance of the proposed method is evaluated using
	the Rotterdam public coronary tracking evaluation framework that
	includes 24 cardiac CTA datasets. Our method yields accurate and
	robust tracking results with 92.7% average overlap with expert-defined
	centerlines.},
  file = {:25_Zhao_2011.pdf:PDF},
  keywords = {coronary tracking; junction detection; sequential monte carlo;},
  review = {Pros:
	
	- Tiene buenos resultados en el método de seguimiento de las coronarias.
	OT 92.7%. Incluso en las regionas distales se comporta bien OV. Cae
	en algunas zonas con artefactos o fuertes estenosis.
	
	- Requiere tan solo 1 punto para empezar el tracking
	
	- Logra identificar claramente bifurcaciones, usando algo similar
	a lo de JFCarrillo, Monte carlom, y k=2-means.
	
	- A pesar que es recursivo, SE DEMORA SOLO 2 minutos!!
	
	
	
	Contras:
	
	- Los cálculos se hacen sobre los pixeles enteros, lo cual genera
	errores de precision como el obtenido en AI.
	
	- Se pierden algunas ramas pequeñas en las bifuraciones.
	
	
	
	Datos adicionales:
	
	 - A TENER MUY EN CUENTA LA CRITICA POSITIVA Y NEGATIVA DE MUCHOS
	DE LOS METODOS EXISTENTES !! 
	
	 - No se preocupa en anomalías o patologías.
	
	 - Explicación clara y precisa de las medidas de validación de Rotterdam.
	
	 - La localizacion de bifurcaciones es critica por dos razones: A
	menudo los algos de extracción del eje se ve afectado en las bifurcaciones
	y los vasos más pequeños no se tienen en cuenta. Segundo, la ubicación
	de las bifurcaciones peuden generar un mapa del arbol coronario y
	luego analizar cada vaso.
	
	 - Schaap propone una solución utilizando un tubo 3D con una distribución
	gaussiana al interior, pero no siempre esto describe apropiadamente
	el vaso en el seguimiento, por ejemplo cuando hay calcificaciones.}
}

@ARTICLE{Zheng2008,
  author = {Yefeng Zheng and Barbu, A. and Georgescu, B. and Scheuering, M. and
	Comaniciu, D.},
  title = {Four-Chamber Heart Modeling and Automatic Segmentation for {3D} Cardiac
	{CT} Volumes Using Marginal Space Learning and Steerable Features},
  journal = {Medical Imaging, IEEE Transactions on},
  year = {2008},
  volume = {27},
  pages = {1668 -1681},
  number = {11},
  month = nov.,
  abstract = {We propose an automatic four-chamber heart segmentation system for
	the quantitative functional analysis of the heart from cardiac computed
	tomography (CT) volumes. Two topics are discussed: heart modeling
	and automatic model fitting to an unseen volume. Heart modeling is
	a nontrivial task since the heart is a complex nonrigid organ. The
	model must be anatomically accurate, allow manual editing, and provide
	sufficient information to guide automatic detection and segmentation.
	Unlike previous work, we explicitly represent important landmarks
	(such as the valves and the ventricular septum cusps) among the control
	points of the model. The control points can be detected reliably
	to guide the automatic model fitting process. Using this model, we
	develop an efficient and robust approach for automatic heart chamber
	segmentation in 3D CT volumes. We formulate the segmentation as a
	two-step learning problem: anatomical structure localization and
	boundary delineation. In both steps, we exploit the recent advances
	in learning discriminative models. A novel algorithm, marginal space
	learning (MSL), is introduced to solve the 9-D similarity transformation
	search problem for localizing the heart chambers. After determining
	the pose of the heart chambers, we estimate the 3D shape through
	learning-based boundary delineation. The proposed method has been
	extensively tested on the largest dataset (with 323 volumes from
	137 patients) ever reported in the literature. To the best of our
	knowledge, our system is the fastest with a speed of 4.0 s per volume
	(on a dual-core 3.2-GHz processor) for the automatic segmentation
	of all four chambers.},
  doi = {10.1109/TMI.2008.2004421},
  file = {:16_Zheng_2008_TMI.pdf:PDF},
  issn = {0278-0062},
  keywords = {3-D cardiac CT Volume;9-D similarity transformation search problem;anatomical
	structure localization;automatic heart chamber segmentation;automatic
	model fitting;cardiac computed tomography;complex nonrigid organ;four-chamber
	heart modeling;learning-based boundary delineation;marginal space
	learning;quantitative functional analysis;ventricular septum cusps;cardiovascular
	system;computerised tomography;image segmentation;learning (artificial
	intelligence);medical image processing;},
  review = {El mismo de Fast Automatic Heart Chamber para detectar las cavidades
	con Marginal Space Learning y Steerable Features en la base}
}

@INPROCEEDINGS{Zheng2007,
  author = {Zheng, Yefeng and Barbu, Adrian and Georgescu, Bogdan and Scheuering,
	Michael and Comaniciu, Dorin},
  title = {Fast Automatic Heart Chamber Segmentation from {3D CT} Data Using
	Marginal Space Learning and Steerable Features},
  booktitle = {IEEE 11th International Conference on Computer Vision, 2007. ICCV
	2007.},
  year = {2007},
  pages = {1--8},
  abstract = {{Multi-chamber heart segmentation is a prerequisite for global quantification
	of the cardiac function. The complexity of cardiac anatomy, poor
	contrast, noise or motion artifacts makes this segmentation problem
	a challenging task. In this paper, we present an efficient, robust,
	and fully automatic segmentation method for 3D cardiac computed tomography
	(CT) volumes. Our approach is based on recent advances in learning
	discriminative object models and we exploit a large database of annotated
	CT volumes. We formulate the segmentation as a two step learning
	problem: anatomical structure localization and boundary delineation.
	A novel algorithm, Marginal Space Learning (MSL), is introduced to
	solve the 9-dimensional similarity search problem for localizing
	the heart chambers. MSL reduces the number of testing hypotheses
	by about six orders of magnitude. We also propose to use steerable
	image features, which incorporate the orientation and scale information
	into the distribution of sampling points, thus avoiding the time-consuming
	volume data rotation operations. After determining the similarity
	transformation of the heart chambers, we estimate the 3D shape through
	learning-based boundary delineation. Extensive experiments on multi-chamber
	heart segmentation demonstrate the efficiency and robustness of the
	proposed approach, comparing favorably to the state-of-the-art. This
	is the first study reporting stable results on a large cardiac CT
	dataset with 323 volumes. In addition, we achieve a speed of less
	than eight seconds for automatic segmentation of all four chambers.}},
  doi = {10.1109/ICCV.2007.4408925},
  file = {:15_Zheng_2007_ICCV.pdf:PDF},
  journal = {Computer Vision, 2007. ICCV 2007. IEEE 11th International Conference
	on},
  keywords = {segmentation},
  posted-at = {2008-03-04 12:06:59},
  priority = {2},
  review = {Segmentación de las cavidades del corazón usando Marginal Space Learning.}
}

@INPROCEEDINGS{Zheng2011,
  author = {Zheng, Y. and Loziczonek, M. and Georgescu, B. and Zhou, S.K. and {Vega-Higuera}, F. and Comaniciu, D.},
  title = {Machine learning based vesselness measurement for coronary artery
	segmentation in cardiac CT volumes},
  booktitle = {SPIE Medical Imaging},
  year = {2011},
  editor = {Benoit M. Dawant and David R. Haynor},
  volume = {7962},
  number = {1},
  pages = {79621K},
  address = {Lake Buena Vista, Florida, USA},
  doi = {10.1117/12.877233},
  eid = {79621K},
  file = {:./28_Zheng_2011.PDF:PDF},
  numpages = {12},
  review = {METODO
	
	Detecta primero el corazon 
	
	Define un sistema coordenado con tres landmarks en la valvula aortica,
	valvula mitral y apice del ventriculo izquierdo. El eje Z va de la
	aortica al apice, el X es perpendicular y sobre el plano de landmarks
	y el Y es producto cruz.
	
	
	
	PREGUNTAS
	
	Para el uso de steerable features se basa en el sistema coordenado
	del corazon, y para una posicion dada obtiene 24 features dados por
	la intensidad, el gradiente y los angulos. Sin embargo luego dice
	que hace Feature TRansformation para generar mas features a partir
	de los existentes haciendole 125 a cada feature de base, es decir
	que al final tiene 125*24 .... No dice nada sobre esas 125 transformaciones
	!!
	
	
	
	NOTAS}
}

@ARTICLE{Zhou2012,
  author = {Zhou, C. and Chan, H. P. and Chughtai, A. and Patel, S.
	and Hadjiiski, L. M. and Wei, J. and Kazerooni, E. A.},
  title = {Automated coronary artery tree extraction in coronary CT angiography
	using a multiscale enhancement and dynamic balloon tracking ({MSCAR-DBT})
	method},
  journal = {Computerized Medical Imaging and Graphics},
  year = {2012},
  volume = {36},
  pages = {1 - 10},
  number = {1},
  abstract = {Rational and objectives To evaluate our prototype method for segmentation
	and tracking of the coronary arterial tree, which is the foundation
	for a computer-aided detection (CADe) system to be developed to assist
	radiologists in detecting non-calcified plaques in coronary CT angiography
	(cCTA) scans. Materials and methods The heart region was first extracted
	by a morphological operation and an adaptive thresholding method
	based on expectation-maximization (EM) estimation. The vascular structures
	within the heart region were enhanced and segmented using a multiscale
	coronary response (MSCAR) method that combined 3D multiscale filtering,
	analysis of the eigenvalues of Hessian matrices and EM estimation
	segmentation. After the segmentation of vascular structures, the
	coronary arteries were tracked by a 3D dynamic balloon tracking (DBT)
	method. The DBT method started at two manually identified seed points
	located at the origins of the left and right coronary arteries (LCA
	and RCA) for extraction of the arterial trees. The coronary arterial
	trees of a data set containing 20 ECG-gated contrast-enhanced cCTA
	scans were extracted by our MSCAR-DBT method and a clinical GE Advantage
	workstation. Two experienced thoracic radiologists visually examined
	the coronary arteries on the original cCTA scans and the rendered
	volume of segmented vessels to count the untracked false-negative
	(FN) segments and false positives (FPs) for both methods. Results
	For the visible coronary arterial segments in the 20 cases, the radiologists
	identified that 25 segments were missed by our MSCAR-DBT method,
	ranging from 0 to 5 FN segments in individual cases, and that 55
	artery segments were missed by the GE software, ranging from 0 to
	7 FN segments in individual cases. 19 and 15 FPs were identified
	in our and the GE coronary trees, ranging from 0 to 4 FPs for both
	methods in individual cases, respectively. Conclusion The preliminary
	study demonstrates the feasibility of our MSCAR-DBT method for segmentation
	and tracking coronary artery trees. The results indicated that both
	our method and GE software can extract coronary artery trees reasonably
	well and the performance of our method is superior to that of GE
	software in this small data set. Further studies are underway to
	develop methods for improvement of the segmentation and tracking
	accuracy.},
  doi = {10.1016/j.compmedimag.2011.04.001},
  file = {:52_Zhou_2011.pdf:PDF},
  issn = {0895-6111},
  keywords = {Computer-aided detection},
  review = {Bibliografía vieja.
	
	
	Usa lo mism ode JFCarrillo luego de extraer previamente los basos
	con EM. El análisis por esferas le ayuda a definir el camino por
	donde van y las bifurcaciones.}
}

@INPROCEEDINGS{Zhu2011,
  author = {Zhu, N. and Chung, A.},
  title = {Minimum Average-Cost Path for Real Time 3D Coronary Artery Segmentation
	of {CT} Images},
  booktitle = {Medical Image Computing and Computer-Assisted Intervention – MICCAI
	2011},
  year = {2011},
  editor = {Fichtinger, Gabor and Martel, Anne and Peters, Terry},
  volume = {LNCS 6893},
  series = {Lecture Notes in Computer Science},
  pages = {436-444},
  address = {Toronto, Canada},
  publisher = {Springer Berlin / Heidelberg},
  doi = {10.1007/978-3-642-23626-6_54},
  abstract = {In this paper, we propose a Minimum Average-cost Path (MACP) model
	for segmenting 3D coronary arteries by minimizing the average edge
	cost along path in discrete 4D graph constructed by image voxels
	and associated radii. Prim’s Minimum Spanning Tree method is used
	for efficient optimization of the MACP model. The centerline and
	the radii of the cross sections of the coronary artery are extracted
	simultaneously during the optimization. The method does not need
	any image preprocessing steps and has been intensively validated
	as an effective approach with the Rotterdam Coronary Artery Algorithm
	Evaluation Framework [1]. The computational cost of the proposed
	method is particularly low (7.467 seconds per segment, 18.5mm/s on
	average), which makes real time segmentation of coronary artery possible.
	Shortcut problem, which is a classic issue of the minimal path techniques,
	can also be overcome by the proposed method.},
  affiliation = {Lo Kwee-Seong Medical Image Analysis Laboratory, Department of Computer
	Science and Engineering, Hong Kong University of Science and Technology,
	Hong Kong},
  file = {:45_Zhu_2011.pdf:PDF},
  isbn = {978-3-642-23625-9},
  keyword = {Computer Science},
  review = {Algoritmo eficiente que tiende a trabajar en tiempo real con una aproximaciôn
	de segmentaciôn bayesiana y agregando a los nodos del grafo tanto
	la posiciôn como el radio en cada punto.
	
	
	Interesante comparaciôn con los resultados obtenidos en 2008.},
  timestamp = {2012.03.21}
}

@PHDTHESIS{Zuluaga2011Thesis,
  author = {Maria Alejandra Zuluaga},
  title = {Methods for automation of vascular lesions detection in computed
	tomography images},
  school = {Universit{\'e} Claude Bernard Lyon 1, France and Universidad de los
	Andes, Bogota, Colombia},
  year = {2011},
  abstract = {This thesis presents a framework for the detection and diagnosis of
	vascular lesions with a special emphasis on coronary heart disease.
	Coronary heart disease remains to be the first cause of mortality
	worldwide.Typically, the problem of vascular lesion identification
	has been solved by trying to model the abnormalities (lesions). The
	main drawback of this approach is that lesions are highly heterogeneous,
	which makes the detection of previously unseen abnormalities difficult.
	We have selected not to model lesions directly, but to treat them
	as anomalies which are seen as low probability density points. We
	propose the use of two classification frameworks based on support
	vector machines (SVM) for the density level detection problem. The
	main advantage of these two methods is that the learning stage does
	not require labeled data representing lesions, which is always difficult
	to obtain. The first method is completely unsupervised, whereas the
	second one only requires a limited number of labels for normality.
	The use of these anomaly detection algorithms requires the use of
	features such that anomalies are represented as points with low probability
	density. For this purpose, we developed an intensity-based metric,
	denoted concentric rings, designed to capture the nearly symmetric
	intensity profiles of healthy vessels, as well as discrepancies with
	respect to the normal behavior. Moreover, we have selected a large
	set of alternative candidate features to use as input for the classifiers.
	Experiments on synthetic data and cardiac CT data demonstrated that
	our metric has a good performance in the detection of anomalies,
	when used with the selected classifiers. Combination of other features
	with the concentric rings metric has potential to improve the classification
	performance. We defined an unsupervised feature selection scheme
	that allows the definition of an optimal subset of features. We compared
	it with existent supervised feature selection methods. These experiments
	showed that, in general, the combination of features improves the
	classifiers performance, and that the best results are achieved with
	the combination selected by our scheme, associated with the proposed
	anomaly detection algorithms. Finally, we propose to use image registration
	in order to compare the classification results at different cardiac
	phases. The objective here is to match the regions detected as anomalous
	in different time-frames. In this way, more than attract the physician’s
	attention to the anomaly detected as potential lesion, we want to
	aid in validating the diagnosis by automatically displaying the same
	suspected region reconstructed in different time-frames.},
  file = {:18_Zuluaga_Thesis.pdf:PDF},
  keywords = {Medical Imaging; Computer Assisted Diagnosis; Machine Learning; Support
	Vector Machines; Feature Selection; Computed Tomography; Vascular
	disease; Atherosclerosis},
  review = {Pros:
	
	- Intenta buscar la mejor combinación de características en un punto
	para detectar lesiones vasculares.
	
	- Propuesta de una nueva medida Concentric rings.
	
	- Se obtiene y complementa información de dos fases del ciclo cardiáco.
	
	- Se aplican algoritmos de clasificación con aprendizaje no supervisado.
	
	...
	
	
	Contras:
	
	- Concentric rings y las demas medidas están calculadas en 2D y el
	radio es fijo.
	
	...
	
	
	Notas adicionales:
	
	- Revisión a fondo desde la obtención de la iamgen hasta el procesamiento},
  timestamp = {2011.04.11}
}

@INPROCEEDINGS{Zuluaga2011b,
  author = {Zuluaga, M. A. and Delgado Leyton, E. J. F. and Hern{\'a}ndez Hoyos,
	M. and Orkisz, M.},
  title = {Feature Selection for SVM-Based Vascular Anomaly Detection},
  booktitle = {Medical Computer Vision. Recognition Techniques and Applications
	in Medical Imaging},
  year = {2010},
  editor = {Menze, B. and Langs, G. and Tu, Z. and Criminisi, A.},
  volume = {LNCS 6533},
  series = {Lecture Notes in Computer Science},
  pages = {141-152},
  address = {Beijing, China},
  month = {September},
  publisher = {Springer Berlin / Heidelberg},
  abstract = {This work explores feature selection to improve the performance in
	the vascular anomaly detection domain. Starting from a previously
	defined classification framework based on Support Vector Machines
	(SVM), we attempt to determine features that improve classification
	performance and to define guidelines for feature selection. Three
	different strategies were used in the feature selection stage, while
	a Density Level Detection-SVM (DLD-SVM) was used to validate the
	performance of the selected features over testing data. Results show
	that a careful feature selection results in a good classification
	performance. DLD-SVM shows a poor performance when using all the
	features together, owing to the curse of dimensionality.},
  affiliation = {Grupo Imagine, Grupo de Ingeniería Biomédica, Universidad de los Andes,
	Bogotá, Colombia},
  file = {:14_Zuluaga_FeatureSelection.pdf:PDF},
  review = {Calculo de descriptores, y su evaluación para usarlos con DLD-SVM.
	No están todos. Parte del análisis presentado en la tesis
	
	
	Pros:
	
	- Obtiene un ranking de las mejores medidas en el calculo de características
	más conocidas, en el plano perpendicular al eje.
	
	- Concentric rings se ubica bien en la clasificación.
	
	- RF's y F-score se comportaron mejor
	
	
	Contras:
	
	- Requiere que los datos estén etiquetados con los otros features...
	para SVM-DLD no es necesario que lo estén.
	
	- Nuevamente, los ejes estaban dados.
	
	- Algunas medidas dan mejores resultados en 3D, pero aquí solo se
	manejan en 2D.
	
	
	
	Notas adicionales:
	
	Se pensaría que el performance de clasificación mejora con el uso
	de mas features, pero la presencia de features inecficientes puede,
	de hecho, degradar el desempeño del clasificador. Se presentan artículos
	de selección de features y se utilizan particularmente los siguientes:
	
	 - F-Score: Entre más alto ese valor del feature, es más discriminativo
	(selecciona excluyendo)
	
	- Random Forest: Como recomendación de Breiman, se toma un número
	considerable de arboles (1000) y un numero de variables seleccionadas
	aleatoriamente que corresponde a la raiz cuadrada del número total
	de features.
	
	- SVM-RFE (Recursive Feature Elimination): Retorna un ranking de los
	features entrenando un SVM con kernel lineary removiendo el feature
	con menor ranking en cada paso. C=10 para experimentos.
	
	
	La medida de Ball puede ser util para detectar aneurismas.
	
	
	LA INTENSIDAD NO SUELE SER BUENA MEDIDA PORQUE VARIA DEMASIADO INTRA-
	E INTER-IMAGENES
	
	
	Valores propios de Hessian son sensibles al ruido. Los momentos de
	inercia no son sensibles a cambios locales en el lumen y la pared,
	mientras que si detecta cambios blobales en los alrededores.
	
	Para lograr una mejor medida los mejores rankeados hacen una integral
	local en un anillo o un sector.}
}

@INPROCEEDINGS{Zuluaga2011a,
  author = {Zuluaga, M. A. and Hush, D. and Delgado Leyton, E. J. F. and Hern{\'a}ndez
	Hoyos, M. and Orkisz, M.},
  title = {Learning from only positive and unlabeled data to detect lesions
	in vascular {CT} images},
  booktitle = {International Conference on Medical Image Computing and Computer-Assisted
	Intervention -- MICCAI},
  year = {2011},
  editor = {Fichtinger, G. and Martel, A. and Peters, T.},
  volume = {LNCS 6893, Part III},
  pages = {9--16},
  address = {Toronto, Canada},
  month = {September},
  publisher = {Springer-Verlag},
  acmid = {2044842},
  doi = {10.1007/978-3-642-23626-6_2},
  file = {:37_Zuluaga_MICCAI2011.pdf:PDF},
  isbn = {978-3-642-23625-9},
  location = {Toronto, Canada},
  numpages = {8},
  review = {Explicacion mas clara de LPU y como se podria utilizar en la practica},
  timestamp = {2012.01.11}
}

@ARTICLE{Zuluaga2010,
  author = {Maria Zuluaga and Marcela Hernandez and Maciej Orkisz and Vincent
	Dor{\'e} and Alfredo Morales Pinz{\'o}n},
  title = {Adaptación del algoritmo MARACAS para segmentación de la arteria
	carótida y cuantificación de estenosis en imágenes TAC},
  journal = {Acta Biol{\'o}gica Colombiana},
  year = {2010},
  volume = {15},
  pages = {5},
  number = {3},
  abstract = {En este artículo se describen las adaptaciones hechas al algoritmo
	MARACAS para segmentar y cuantificar estructuras vasculares en imágenes
	TAC de la arteria carótida. El algoritmo MARACAS, que está basado
	en un modelo elástico y en un análisis de los valores y vectores
	propios de la matriz de inercia, fue inicialmente diseñado para segmentar
	una sola arteria en imágenes ARM. Las modificaciones están principalmente
	enfocadas a tratar las especificidades de las imágenes TAC, así como
	la presencia de bifurcaciones. Los algoritmos implementados en esta
	nueva versión se clasifican en dos niveles. 1) Los procesamientos
	de bajo nivel (filtrado de ruido y de artificios direccionales, presegmentación
	y realce) destinados a mejorar la calidad de la imagen y presegmentarla.
	Estas técnicas están basadas en información a priori sobre el ruido,
	los artificios y los intervalos típicos de niveles de gris del lumen,
	del fondo y de las calcificaciones. 2) Los procesamientos de alto
	nivel para extraer la línea central de la arteria, segmentar el lumen
	y cuantificar la estenosis. A este nivel, se aplican conocimientos
	a priori sobre la forma y anatomía de las estructuras vasculares.
	El método fue evaluado en 31 imágenes suministradas en el concurso
	“Carotid Lumen Segmentation and Stenosis Grading Grand Challenge”
	2009. Los resultados obtenidos en la segmentación arrojaron un coeficiente
	de similitud de Dice promedio de 80.4% comparado con la segmentación
	de referencia, y el error promedio de la cuantificación de estenosis
	fue 14.4%.},
  file = {:12_Zuluaga_AdaptacionMaracas.pdf:PDF},
  issn = {1900-1649},
  keywords = {segmentación cardiovascular, estenosis, tomografía computarizada,
	arteria carótida.},
  review = {Uso de maracas en imagenes de CTA para segmentar carótida}
}

@ARTICLE{Zuluaga2011c,
  author = {Zuluaga, M.A. and Magnin, Isabelle and Hernández Hoyos, Marcela and
	Delgado Leyton, Edgar and Lozano, Fernando and Orkisz, Maciej},
  title = {Automatic detection of abnormal vascular cross-sections based on
	density level detection and support vector machines},
  journal = {International Journal of Computer Assisted Radiology and Surgery},
  year = {2011},
  volume = {6},
  pages = {163-174},
  note = {10.1007/s11548-010-0494-8},
  abstract = {Purpose  The goal is to automatically detect anomalous vascular cross-sections
	to attract the radiologist’s attention to possible lesions and thus
	reduce the time spent to analyze the image volume. Materials and
	methods  We assume that both lesions and calcifications can be considered
	as local outliers compared to a normal cross-section. Our approach
	uses an intensity metric within a machine learning scheme to differentiate
	normal and abnormal cross-sections. It is formulated as a Density
	Level Detection problem and solved using a Support Vector Machine
	(DLD-SVM). The method has been evaluated on 42 synthetic phantoms
	and on 9 coronary CT data sets annotated by 2 experts. Results  The
	specificity of the method was 97.57% on synthetic data, and 86.01%
	on real data, while its sensitivity was 82.19 and 81.23%, respectively.
	The agreement with the observers, measured by the kappa coefficient,
	was substantial (K = 0.72). After the learning stage, which is performed
	off-line, the average processing time was within 10 s per artery.
	Conclusions  To our knowledge, this is the first attempt to use the
	DLD-SVM approach to detect vascular abnormalities. Good specificity,
	sensitivity and agreement with experts, as well as a short processing
	time, show that our method can facilitate medical diagnosis and reduce
	evaluation time by attracting the reader’s attention to suspect regions.},
  affiliation = {Grupo Imagine, Grupo de Ingeniería Biomédica, Universidad de los Andes,
	Bogotá, Colombia},
  file = {:13_Zuluaga_DetectionAbnormalSections.pdf:PDF},
  issn = {1861-6410},
  issue = {2},
  keyword = {Medicine},
  publisher = {Springer Berlin / Heidelberg},
  review = {Deteccion de anormalidades en arterias, modeladas a partir de lo que
	se considera una arteria normal.
	
	
	Usar concentric rings con DLD
	
	
	Pros
	
	No requiere datos etiquetados en la etapa de entrenamiento. La normalidad
	es modelada implicitamente por los patrones tipicos aprendidos desde
	los mismos datos, y las anormalidades son regiones atípicas a las
	normales. 
	
	Como los SVM son sensibles al escalamiento de los features, todos
	los valores son escalados entre 0 y 1.
	
	Hessian Eigen values fue el que dio mejores resultados en general,
	por debajo de la medida de concentric rings en detección de anomalias.
	Esto se contrasta con Image appearance features y Inertia moments.
	
	La medida propuesta consume menos tiempo que Hessian
	
	
	
	Contras
	
	Como la técnica es en 2D, se necesita obtener previamente el eje de
	la arteria.
	
	El algo falla en slices adyacentes a la patología y cuando el vaso
	toca una estructura cercana que no es bien densa. Igualmente con
	artefactos o ruido.
	
	Las bifurcaciones son detectadas como anomalias.
	
	
	Notas Adicionales
	
	Aplicación de una técnica no supervisada de Density Level Detection
	+ SVM's para la identificación de anomalías.
	
	La técnica se realiza por slice. Captura los niveles de intensidad
	de forma radial
	
	
	En Zhao y Vukadinovic se usan métodos de achine learning, pero requiere
	etiquetar los datos para diferenciar entre observaciones normales
	y anormales.
	
	
	Curva ROC: sensibilidad (VerdPos) Vs. (1-especificidad) (FalsosPos)
	
	Sensibilidad: Capacidad de detectar positivos (Verdaderos Positivos
	/ (VerdPos + FalsosNegativos))
	
	Especificidad: Capacidad de detectar negativos (Verdaderos Negativos
	/ (VerdNeg + FalsosPositivos))
	
	El indice kappa indica el grado de concoordancia entre observadores.
	El valor adecuado de concoordancia debe ser mayor a 0.7
	
	
	Para este método se deben escoger apropiadamente los radios y angulos
	(es un trade-off entre ambos). Igualmente con la selección correcta
	de Rho que identifica la concentración de anomalías.}
}

@ARTICLE{Caselles1997,
  author = {Caselles, V. and Kimmel, R. and Sapiro, G.},
  title = {Geodesic Active Contours},
  journal = {International Journal of Computer Vision},
  year = {1997},
  volume = {22},
  pages = {61--79},
  number = {1},
  month = {Feb},
  acmid = {250495},
  address = {Hingham, MA, USA},
  doi = {10.1023/A:1007979827043},
  issn = {0920-5691},
  issue_date = {Feb./March 1997},
  keywords = {Riemannian geometry, curve evolution, differential geometry, dynamic
	contours, geodesics, topology free boundary detection, variational
	problems},
  numpages = {19},
  publisher = {Kluwer Academic Publishers}
}

@ARTICLE{Chan2001,
  author = {Chan, T.F. and Vese, L.A.},
  title = {Active Contours without Edges},
  journal = {IEEE Transactions on Image Processing},
  year = {2001},
  volume = {10},
  pages = {266--277},
  issn = {1047-3203}
}



